4128 5918
1044 395 1219 526 ..¹2-

369 622 460 700 illud
484 621 713 720 processisse
737 617 1000 716 perversitatis,
1025 630 1067 691 ut
1084 617 1175 692 deos
1198 635 1283 690 esse
1309 611 1459 686 ommno
1481 611 1708 686 infitiaretur.
1759 612 1893 710 Neque

370 743 467 816 enim
492 739 625 814 leniori
648 738 809 837 quadam
833 735 971 832 σκέψει
995 735 1049 810 sic
1081 732 1312 808 existimasse
1344 731 1446 804 illum
1478 729 1551 804 sibi
1583 731 1806 829 persuadeat
1830 731 1893 806 ali-

369 861 468 956 quis,
494 872 537 932 ut
561 857 750 956 ambigere
774 869 919 930 tamum
944 854 1069 928 dicere
1094 850 1271 941 voluerit,
1301 851 1427 925 sinme
1447 847 1499 922 dii
1523 871 1593 924 nec
1615 871 1663 923 ne
1688 849 1782 942 sint,
1814 875 1892 949 quo

370 963 485 1054 sebsu
509 979 731 1082 Protagoras
755 973 950 1050 Abderites
972 972 1013 1048 in
1037 971 1160 1046 fronte
1187 968 1312 1066 operis
1338 968 1399 1043 sui
1429 969 1526 1042 haec
1558 970 1754 1046 notissima
1777 971 1894 1045 verbs

369 1097 542 1194 posuisse
575 1093 738 1168 videtur:
781 1091 846 1167 De
869 1093 945 1184 dr'p‘s
969 1114 1095 1190 neque
1119 1112 1173 1163 on
1197 1088 1279 1162 seht
1302 1111 1427 1186 neque
1450 1109 1503 1161 on
1528 1109 1610 1161 non
1634 1087 1733 1178 arist,
1768 1113 1895 1188 neque

368 1215 503 1312 quoles
517 1209 619 1310 fere
643 1211 741 1302 arist,
760 1233 924 1307 porcum
947 1211 1101 1288 dt'cerer
1136 1207 1260 1284 multo
1280 1207 1383 1292 enain
1408 1219 1519 1294 cunt,
1552 1229 1653 1303 quac
1681 1231 1744 1280 me
1759 1209 1893 1304 probi·

370 1333 501 1421 beant,
522 1343 564 1408 et
587 1330 652 1403 rei
673 1331 908 1426 obsecr-itae,
933 1344 973 1404 et
1000 1329 1194 1402 brunonae
1218 1325 1390 1400 brevitas
1405 1327 1511 1400 vitoe
1524 1323 1575 1396 ¹¹!
1603 1325 1739 1400 Eafuit
1755 1328 1891 1402 Critiae

369 1449 603 1526 manifestata
617 1450 785 1525 moribus
803 1460 841 1523 et
854 1449 1080 1548 reipublicae
1095 1444 1413 1520 administratione
1421 1445 1570 1518 licentia
1584 1445 1779 1536 sentiendi,
1793 1469 1891 1545 qttae

311 1633 315 1646 .
368 1591 417 1640 ex
441 1567 622 1663 ejusmodi
653 1567 859 1666 impietate,
888 1567 1044 1642 infelicis
1069 1564 1328 1663 philosophiae
1353 1565 1496 1664 bactu
1521 1565 1553 1638 si
1577 1587 1653 1638 non
1679 1578 1891 1654 excusetur,

370 1685 474 1785 quod
498 1708 607 1760 nemo
634 1685 673 1758 in
697 1707 738 1760 se
763 1685 953 1782 suscipere
977 1688 1094 1776 volet,
1118 1696 1281 1758 atcerte
1307 1685 1443 1782 optime
1470 1683 1688 1756 declaretur.
1730 1685 1771 1756 ln
1788 1698 1892 1759 tanta

369 1804 606 1902 publicorum
636 1815 801 1891 morum,
846 1817 986 1901 quanta
1009 1817 1089 1878 tum
1112 1802 1266 1880 Athenis
1291 1803 1490 1900 regnabat,
1536 1803 1765 1899 corruptela,
1790 1805 1892 1878 incli-

370 1921 546 1998 nantibus
580 1920 629 1995 ad
663 1921 850 1996 luxuriam
880 1924 922 1998 'et
957 1923 1182 2020 voluptatem
1219 1921 1421 2019 plerisque,
1446 1933 1633 1994 evertente
1658 1923 1890 1996 sanctitatem

370 2063 517 2140 omnem
542 2053 580 2114 et
594 2039 703 2114 fidem
718 2039 927 2116 ffimnmum
944 2025 1069 2115 rerum
1087 2052 1262 2140 proterva
1278 2040 1550 2137 Sophistarum,
1564 2041 1622 2116 sas
1636 2041 1740 2114 nasas
1760 2040 1891 2114 eodem

370 2160 548 2257 temporis
570 2173 759 2235 momento
783 2161 889 2254 juxta
913 2160 1204 2250 defendentium,
1228 2159 1526 2258 impugnantium
1551 2159 1773 2257 eloquentia,
1797 2159 1890 2232 nihil

370 2279 515 2354 facilius
538 2277 622 2366 ferit,
647 2300 760 2374 quam
783 2276 832 2350 ad
856 2291 1058 2352 extremam
1072 2278 1363 2354 illeminsaniam
1380 2280 1513 2353 mentis
1531 2278 1723 2367 excedere,
1738 2277 1890 2375 ingenio

269 2447 286 2472 ι
375 2395 594 2493 praesertim
619 2417 796 2470 sensuum
811 2395 993 2471 illecebris
1017 2395 1216 2484 obedienti,
1237 2398 1445 2492 impotenti,
1466 2397 1596 2488 feroci,
1622 2396 1889 2470 adfruendum

369 2515 495 2612 potius
508 2511 743 2611 exquisitioni
758 2512 871 2586 modo
888 2514 1172 2588 amoenitatibus
1189 2515 1284 2587 ritae
1303 2537 1415 2612 quarn
1424 2516 1472 2588 ad
1480 2515 1673 2596 utilitatem
1687 2513 1890 2611 sapientiae

370 2631 557 2730 appetenti
572 2641 616 2704 ¹¹.
642 2632 909 2706 Confinnamus
923 2631 1039 2728 igitur
1057 2633 1219 2722 finitimo,
1234 2644 1276 2705 ut
1300 2632 1412 2705 hodie
1426 2633 1771 2731 philosophantium
1785 2656 1891 2706 voca·

284 2835 286 2842 ,
369 2753 480 2840 bulis,
489 2773 622 2854 pamm
638 2773 727 2824 sane
740 2750 811 2825 illis
837 2750 883 2822 ad
908 2752 1051 2849 antiqui
1076 2752 1257 2825 sermonis
1274 2753 1430 2824 nitorem
1456 2751 1729 2839 accedentibus,
1745 2751 1818 2824 boc
1833 2751 1889 2822 uti

369 2872 453 2943 loco
470 2871 588 2958 liceat,
612 2891 688 2945 non
714 2868 835 2942 solum
858 2867 1104 2942 theoreticam
1127 2869 1307 2966 probasse
1331 2870 1570 2959 atheismum,
1595 2870 1662 2945 sed
1684 2870 1890 2966 practicam

371 2989 592 3064 exercuisse.
617 2989 746 3086 anue
761 2986 871 3060 unica
886 2987 1028 3062 ratione
1043 2999 1119 3059 tam
1133 2985 1204 3062 diri
1216 2985 1378 3062 hominis
1401 2987 1635 3062 detestationi
1652 2989 1799 3062 animus
1815 3012 1890 3060 mo

353 3229 465 3291 ruine
486 3243 611 3310 poetam
632 3247 695 3291 non
716 3228 914 3290 convincere.
955 3230 1008 3290 De
1027 3227 1094 3288 istis
1114 3238 1216 3289 autem
1237 3227 1379 3290 renibus
1398 3242 1463 3291 tum
1487 3227 1662 3310 disputabo,
1686 3247 1792 3314 quum
1808 3229 1891 3308 qnod

371 3335 477 3395 facere
498 3334 582 3415 apud
602 3333 735 3398 ιηίπιιιω
756 3332 901 3416 decrevi,
931 3329 1107 3414 Fragments
1136 3327 1254 3394 Critiae
1279 3331 1430 3414 singulari
1459 3331 1570 3396 libello
1596 3332 1698 3395 edam.
1741 3333 1891 3395 cetam

370 3437 448 3498 deos
468 3457 598 3520 negasse
617 3455 711 3519 posse
734 3435 827 3500 etiam
847 3454 931 3514 enm,
953 3434 1024 3518 qui,
1054 3435 1139 3520 quod
1166 3434 1279 3498 Critias
1306 3433 1382 3499 facit
1406 3436 1439 3496 in
1467 3435 1593 3521 dialogo
1622 3437 1798 3514 Platonico,
1821 3436 1891 3517 ejus

370 3561 484 3602 nomen
506 3560 583 3623 prae
604 3561 639 3604 se
658 3539 782 3605 terente
803 3544 898 3624 (pag.
925 3541 1032 3620 roth),
1056 3539 1237 3621 Apollinem
1267 3553 1299 3600 et
1324 3544 1428 3603 Musas
1448 3555 1479 3602 et
1509 3545 1733 3621 Mnemosynen
1754 3543 1890 3615 invocat,

371 3665 437 3710 non
457 3657 514 3718 est,
534 3642 619 3730 quod
639 3645 779 3709 doceam.
848 3655 851 3666 ⁴

457 3749 512 3829 aa)
535 3750 656 3811 Graeca
677 3751 774 3812 verba
795 3749 873 3812 haec
892 3763 961 3810 sunt
980 3747 1147 3810 noandum
1167 3744 1343 3829 Diogenem
1364 3750 1467 3810 laert⁴
1491 3749 1544 3823 lx,
1566 3751 1625 3812 ὄις
1648 3749 1718 3831 περὶ
1737 3748 1793 3830 μὲν
1803 3753 1892 3814 θεῶν

373 3850 427 3916 οὐκ
448 3856 506 3936 ἔχω
527 3850 648 3928 εἰδέναι,
667 3853 733 3916 εἴθ’
754 3851 795 3926 cic
818 3854 911 3926 ente,
939 3853 1004 3940 εἴθ’
1027 3831 1067 3926 o‘ab
1095 3848 1153 3916 οὔκ
1174 3856 1261 3934 ὠσίν.
1295 3845 1406 3916 Πολλὰ
1440 3848 1495 3935 γὰρ
1522 3849 1560 3918 τὰ
1582 3853 1738 3918 κωλύοντα
1765 3853 1889 3932 enecas,

370 3949 393 4037 ἢ
413 3982 446 4022 τε
466 3953 632 4040 ἀδηλότης,
653 3961 704 4022 καὶ
725 3953 842 4043 βραχῦς
862 3955 902 4023 iis
915 3955 947 4036 ,i
978 3961 1046 4043 βίος
1066 3959 1123 4020 τοῦ
1156 3952 1335 4042 ἂνθρῶπου.
1379 3956 1514 4039 Reliqua
1546 3971 1705 4020 auctorum
1733 3959 1803 4020 loca
1825 3958 1888 4021 vid.

372 4061 454 4143 apud
477 4061 655 4145 menagium
674 4061 706 4122 in
726 4063 817 4124 notia
861 4065 941 4125 Usus
962 4076 1011 4124 est
1031 4063 1093 4124 hoc
1113 4061 1197 4124 dicto
1216 4061 1412 4144 Protagorae
1433 4059 1483 4124 vir
1509 4062 1541 4122 in
1569 4061 1677 4143 paucis
1703 4061 1892 4126 Germaniae

372 4166 634 4246 philosophorum
654 4167 758 4246 magni
781 4167 989 4248 restituendus
1011 4169 1081 4230 Car.
1104 4167 1183 4230 Lud.
1212 4164 1378 4238 lleinbold,
1403 4166 1477 4226 siber
1507 4167 1555 4226 die
1586 4164 1813 4228 Paradoxiesn
1832 4168 1893 4227 der

372 4283 519 4332 neuesten
543 4267 756 4350 Philosophia,
779 4271 847 4334 init.
1720 4253 1723 4256 Ι
