4128 5918
1095 361 1139 437 16

1037 479 1193 530 ιιι-ι

354 633 441 686 nera
464 607 653 684 insecutae
679 618 776 682 suaa
826 605 921 680 Nam
945 628 1062 706 quum
1088 629 1133 682 eo
1158 619 1324 705 tempore
1351 605 1461 682 etiam
1496 603 1597 706 apud
1620 603 1889 696 Athenienses,

354 726 458 828 quod
483 739 594 802 antea
617 749 683 820 per
708 725 845 823 oppida
869 749 892 798 a
915 725 1107 820 Lysandro
1133 724 1271 800 factum
1297 740 1377 800 erat
1393 721 1439 816 ³⁸,
1483 747 1634 814 eorum,
1676 725 1743 822 qui
1767 728 1890 801 [aco-

354 848 465 924 nibus
491 857 618 944 aperte
638 845 833 936 favebant,
869 845 1027 919 societas
1054 845 1237 943 quaedam
1275 843 1496 943 (ἑταιρείαν
1533 843 1666 918 Graeci
1700 842 1829 918 dicunt
1846 841 1891 916 39

355 964 556 1042 constituta
579 977 678 1040 esset
691 971 746 1055 4⁰,
787 963 909 1061 abque
933 962 1046 1059 hujus
1072 963 1262 1038 sodalibus
1288 966 1474 1040 societatis
1509 961 1746 1061 quinqueviri
1782 981 1890 1036 crea·

355 1097 496 1174 rentur,
532 1096 577 1156 ut
601 1083 674 1180 ipsi
699 1083 850 1182 quidem
872 1105 961 1180 prae
986 1105 1026 1155 se
1048 1082 1225 1174 tulerunt,
1253 1083 1546 1181 colligendorum
1572 1059 1706 1156 caussa
1732 1080 1890 1168 civium,

318 1259 321 1266 ,
355 1217 470 1276 utre
507 1202 735 1300 patefactum
767 1216 841 1292 est,
880 1202 928 1275 ad
952 1199 1136 1284 civitatem
1159 1223 1367 1297 paucorum
1397 1203 1577 1278 manibus·
1604 1197 1888 1280 vindicandam:

274 1329 279 1338 '
356 1321 481 1396 statim
506 1321 639 1396 Critias
664 1318 703 1392 in
727 1321 787 1396 his
813 1319 978 1418 quinque
1002 1319 1121 1393 lectus
1145 1332 1202 1394 est
1218 1324 1266 1392 4⁰.
1327 1321 1376 1396 Et
1399 1343 1517 1419 quum
1533 1319 1572 1392 in
1592 1341 1687 1418 pace
1704 1331 1889 1395 statutum

358 1453 474 1531 esset,
498 1453 542 1514 ut
564 1439 695 1538 patriis
718 1437 866 1537 legibus
889 1437 1133 1512 Athenienses
1158 1447 1362 1530 uterentur,
1387 1440 1565 1536 quirrquc,
1589 1435 1776 1533 Lysandri
1795 1436 1888 1510 freti

359 1558 521 1650 auxilio,
561 1557 744 1656 populum
769 1568 991 1656 coegerunt,
1030 1569 1072 1630 ut
1103 1554 1256 1654 triginta
1279 1557 1494 1632 hominihus
1518 1555 1733 1656 inquirendi
1762 1577 1888 1630 emen·

358 1677 545 1777 dandique
579 1675 755 1774 pristinas
802 1674 960 1748 civitatis
1005 1675 1285 1750 constitutiones
1323 1676 1553 1775 permitteret
1590 1687 1812 1773 potestatem
1835 1677 1887 1744 ⁴¹.

357 1797 412 1872 Ea
436 1809 516 1869 tum
542 1819 602 1870 res
626 1793 835 1868 liberrimae
861 1794 1087 1868 exercendae
1122 1792 1285 1868 lihidinis
1310 1795 1464 1891 triginta
1486 1795 1558 1870 illis
1596 1795 1693 1870 viam
1717 1793 1884 1893 aperuit3

255 2000 262 2014 Ι
359 1937 444 1989 nam
470 1937 585 2012 quum
611 1911 870 2000 demandatum
892 1913 974 2002 ,sihi
998 1913 1191 2010 negotium
1215 1911 1507 2010 magnitudinem
1541 1915 1596 1988 rei
1621 1937 1666 1988 ao
1692 1915 1887 1990 difficulta-

359 2023 433 2106 tem
457 2031 711 2134 praetexendo
736 2029 776 2104 in
801 2031 879 2106 dies
905 2033 1116 2130 proferrent
1130 2042 1176 2126 4⁸,
1190 2131 1191 2138 ἵ
1206 2054 1275 2106 suo
1298 2031 1445 2106 interim
1469 2035 1594 2122 omnia
1618 2032 1773 2108 arbitrio
1798 2055 1883 2130 ege.

360 2164 457 2224 runt.
530 2151 639 2248 Quod
670 2163 809 2225 mutam
843 2139 897 2226 iis
922 2150 1023 2249 apud
1055 2163 1209 2226 cunctos
1242 2150 1417 2226 invidiam
1446 2153 1611 2251 peperit,
1655 2167 1698 2227 ut
1729 2153 1886 2251 triginta

358 2284 603 2364 tyrannorum
629 2269 719 2368 ipsi,
746 2268 950 2368 ἀναρχίας,
971 2271 1074 2368 quod
1097 2268 1222 2366 legum
1245 2269 1355 2368 quasi
1371 2270 1558 2372 silentium
1582 2286 1650 2365 est,
1675 2273 1824 2348 nomine
1850 2273 1885 2348 is

361 2413 493 2479 annus,
516 2412 586 2487 per
612 2413 723 2487 quem
746 2389 949 2464 auctoritas
975 2410 1106 2473 eorum
1130 2387 1264 2478 valuit,
1289 2387 1328 2460 in
1355 2390 1550 2468 annalibus
1575 2405 1770 2468 notaretur
1786 2393 1833 2462 10³.

311 2575 318 2588 ,
458 2508 522 2582 tx.
556 2509 614 2581 De
645 2530 808 2606 quorum
833 2506 1003 2604 flagitiis,
1043 2506 1203 2604 rapinis,
1234 2507 1410 2582 caedibus
1433 2511 1541 2584 multi
1571 2523 1677 2602 sunt,
1712 2512 1777 2611 qui
1803 2510 1884 2605 ejus

362 2625 557 2724 temporis·
574 2627 769 2702 historiam
802 2627 1022 2722 tetigerunt,
1054 2625 1185 2720 Lysias
1221 2619 1378 2718 orator,
1407 2629 1638 2728 Xenophon,
1682 2630 1885 2717 Diodorus,

362 2747 578 2822 Plutarchus
604 2746 785 2822 historici.
835 2749 957 2843 Atque
974 2745 1110 2820 Critias
1135 2743 1286 2844 quidem
1311 2747 1350 2822 in
1376 2746 1574 2840 crudeliter
1590 2749 1745 2848 patratis
1772 2749 1886 2824 omni·

439 2988 504 3068 Ι38)
527 2986 599 3056 th.
621 2983 823 3069 Xenophout.
845 2979 918 3045 tiae.
939 3002 990 3066 gr.
1011 2985 1050 3057 11,
1076 3003 1105 3062 s,
1128 2986 1179 3052 sd.
1755 3007 1759 3014 ·

444 3093 502 3175 do)
523 3090 596 3162 Vid
615 3089 776 3154 Plutarch.
798 3089 833 3152 in
852 3088 919 3150 cita
940 3085 1111 3167 Lysandri,
1132 3107 1205 3172 pag.
1226 3089 1299 3163 435.
1330 3087 1516 3155 Sodalitates
1535 3089 1610 3154 illas
1630 3091 1740 3176 quales
1756 3091 1884 3170 suerint,

364 3195 458 3260 saeue
478 3195 647 3278 cogitando
666 3191 773 3279 finget,
800 3190 854 3276 qui
874 3209 982 3254 aarum
1002 3191 1194 3267 meminerit,
1222 3211 1300 3278 quae
1327 3193 1467 3260 Gallicae
1500 3189 1727 3260 conversionis*
1743 3211 1887 3282 tempore

365 3303 417 3364 hic
438 3297 505 3362 iilic
526 3299 710 3362 constitutae
731 3309 830 3374 erant,
851 3295 971 3358 rituam
992 3298 1176 3380 appellatae.

448 3404 505 3485 to)
525 3402 600 3472 Vid
621 3399 774 3466 Andocia.
795 3395 833 3460 da
851 3401 993 3482 Myster.
1015 3402 1142 3485 passim.
1163 3399 1269 3482 Lysias
1289 3401 1360 3464 ade.
1380 3403 1542 3468 Eratcatd.
1564 3427 1595 3488 7.
1613 3423 1645 3488 9.

449 3509 504 3588 dr)
526 3511 599 3587 Lys.
621 3507 693 3569 adn.
716 3503 877 3570 Eratosth.
899 3527 930 3586 7.

449 3613 506 3692 ln)
527 3614 600 3674 Hoc
619 3622 707 3693 patet
725 3628 764 3672 ex
784 3609 887 3688 Lysia,
909 3608 981 3673 ado.
1003 3607 1157 3671 Eratosth
1180 3631 1201 3689 7
1223 3623 1254 3676 et
1268 3619 1317 3686 st,
1339 3623 1415 3675 sect.
1436 3619 1467 3694 9‘.
1483 3634 1552 3699 sqq.
1576 3614 1733 3696 Populum
1755 3612 1795 3678 ad
1809 3599 1890 3678 acci·

367 3715 502 3802 piandos
521 3713 651 3798 triginta
672 3725 813 3776 coactum
830 3713 933 3787 fuisse,
955 3714 1110 3778 consentit
1130 3715 1221 3778 etiam
1232 3714 1397 3780 Diodorus
1409 3720 1492 3793 XIV,
1509 3719 1539 3784 3.
1553 3738 1598 3804 sq.
1620 3714 1729 3802 inepte
1746 3715 1889 3783 ceterum

368 3821 492 3886 sedulus
513 3820 546 3882 in
567 3815 746 3882 extollendo
767 3818 977 3897 Theramene3
997 3815 1082 3880 idem
1102 3815 1237 3900 denique
1258 3819 1446 3892 Plutarchus
1468 3820 1601 3898 indicat,
1624 3823 1690 3886 cria
1713 3822 1888 3904 Lysandri,

264 3987 268 3993 .
300 3982 302 3986 .
369 3947 441 4010 pag.
464 3933 533 4000 dtr.
573 3921 668 4018 Quod
687 3923 867 4004 Xenophon
886 3919 963 3982 dicit
983 3920 1140 3985 breviter:
1163 3920 1255 4000 (hist.
1277 3944 1330 4006 gr.
1352 3926 1391 4004 11,
1406 3927 1436 4001 3,
1460 3931 1511 4002 a.)
1534 3923 1621 4004 idota
1640 3927 1684 4012 τῷ
1705 3921 1890 4012 δῆμῳτριά-

340 4061 343 4070 ’
371 4054 465 4095 κοντα
485 4024 599 4111 ἄνδρας
618 4024 761 4104 ἑλέσθαι,
781 4037 868 4089 recte
888 4025 980 4089 dicit:
1007 4016 1155 4110 princeps
1176 4027 1288 4111 popuii
1319 4027 1433 4092 sacuam
1462 4040 1524 4103 est,
1549 4027 1604 4095 sed
1632 4033 1721 4116 jussu
1741 4029 1890 4094 factiosae

373 4129 605 4215 conjurationis.
653 4130 767 4194 Critias
787 4147 881 4212 saepe
903 4126 919 4194 ὃ
940 4131 999 4194 τῶν
1019 4125 1177 4215 τριάκοντα
1196 4129 1289 4217 ἔρξας
1309 4133 1494 4216 appelletur,

454 4257 512 4338 43)
534 4253 722 4335 Xenophon,
746 4256 815 4318 hist.
838 4276 885 4339 gr.
909 4256 948 4329 11,
969 4255 999 4330 3,
1026 4279 1071 4320 ιι.
1101 4255 1258 4320 Diodorus
1278 4258 1331 4331 IV,
1355 4267 1385 4331 4.
