4128 5918
979 345 1004 418 b

228 593 289 668 eui
316 591 426 680 Solo,
462 599 601 682 septem
628 588 850 686 sapientium
884 587 1195 685 sapientissimus,
1234 611 1320 666 non,
1337 588 1499 672 amicitia
1532 590 1652 666 solum
1688 590 1754 664 sed

227 711 438 808 propinqua
463 709 573 782 etiam
595 706 866 782 necessitudine
891 706 1175 780 familiarissime
1210 721 1289 783 erat
1325 708 1543 803 conjunctus
1562 709 1603 806 ⁵3
1641 705 1753 784 avum

227 852 318 904 varo
349 852 433 900 eum
471 827 642 917 Critiam,
686 827 751 925 qui
782 825 946 924 ejusdem
979 824 1127 899 Solonis
1158 826 1295 900 mirum
1327 827 1430 900 illum
1464 851 1672 903 sermonem
1708 828 1755 902 de

121 927 130 938 ’
227 948 435 1022 Atlantidos
476 948 621 1022 insulae
661 946 865 1019 incolarum
908 969 994 1018 cum
1034 944 1302 1041 Aboriginibus
1346 946 1481 1038 Atticis
1516 947 1614 1021 bello
1654 947 1756 1044 apud

197 1091 268 1140 se
304 1067 549 1142 conservabat
566 1084 606 1156 6,
642 1091 685 1140 ac
717 1066 764 1138 de
796 1086 874 1161 quo
903 1065 1031 1162 magni
1054 1064 1277 1163 legislatoris
1313 1089 1360 1144 ex
1384 1067 1509 1144 multis
1535 1067 1592 1144 illi
1623 1065 1754 1142 dicatis

226 1179 394 1264 versibus
419 1209 539 1260 unum
568 1187 660 1262 illud
685 1197 856 1283 superest
877 1182 1064 1258 distichon
1090 1193 1096 1198 ’

401 1326 616 1426 Εἰπέμεναι
641 1327 783 1427 Κριτίᾳ
808 1321 1048 1422 ξανθότριχι
1071 1325 1221 1425 πατρὸς
1246 1324 1435 1420 ἀκούειν,

476 1447 535 1522 Οὐ
558 1448 635 1548 γὰρ
664 1444 894 1546 ἁμαρτινόῳ
920 1444 1087 1520 acicam
1111 1445 1293 1546 ἡγεμόνι,

230 1586 338 1680 Quod
376 1601 451 1662 est:
494 1604 649 1664 monete
673 1589 829 1689 flavum
863 1587 1044 1676 Critt'am,
1091 1602 1135 1660 ut
1169 1593 1284 1686 patri
1317 1590 1490 1682 obediat,
1533 1613 1613 1666 non
1652 1594 1754 1668 enim

227 1707 361 1802 arrepto
390 1723 471 1783 tum
496 1711 591 1781 daei
613 1707 894 1803 obtemperabit
912 1727 939 1782 t·
1687 1691 1691 1706 ὁ
1785 1795 1791 1809 ⁸

322 1829 431 1901 Hunc
444 1829 576 1901 minor
602 1827 735 1901 Critias
761 1825 1054 1923 nonagenarium
1090 1826 1235 1918 senem,
1277 1828 1405 1904 decern
1444 1834 1525 1932 ipse
1559 1832 1754 1920 annorum,

221 2108 352 2190 'Werlre‚
375 2127 455 2194 part.
477 2116 500 2188 Ι,
523 2113 595 2180 Vol.
611 2133 640 2186 a,
664 2132 696 2193 p.
719 2112 790 2192 393.
835 2107 1027 2171 Sententiam
1048 2071 1202 2192 Diogenis
1223 2129 1294 2172 cum
1316 2110 1501 2194 quibusdam
1519 2111 1678 2178 veteribus
1702 2129 1750 2174 se·

222 2226 312 2276 cutus
331 2230 378 2278 est
390 2217 558 2290 Maurum,
581 2216 619 2274 de
636 2216 846 2276 Archontibus
867 2213 980 2276 Athen.
1003 2218 1027 2288 1,
1055 2219 1101 2280 13.
1116 2233 1155 2274 ex
1177 2235 1240 2300 qno
1253 2237 1368 2279 annum
1380 2216 1538 2298 discimus,
1553 2237 1616 2300 quo
1629 2215 1750 2280 archon

154 2389 159 2398 ,
226 2317 287 2381 tuit
308 2311 481 2404 Dropides,
504 2337 572 2382 esse
593 2334 737 2405 quartum
759 2315 955 2401 Olympiadis
983 2318 1239 2402 quadragesimae
1260 2334 1373 2384 sextae.

309 2449 351 2520 5)
373 2443 444 2513 vid
466 2445 590 2510 Platon.
618 2444 772 2523 Piraeeus,
795 2446 817 2507 1.
835 2443 857 2506 l.

273 2635 279 2640 ,
305 2570 348 2650 b)
369 2571 443 2640 Vid.
465 2573 588 2637 Platon.
614 2572 738 2647 Critias,
759 2593 831 2656 pag.
857 2571 925 2649 na,
946 2572 1033 2632 Part.
1046 2573 1101 2645 111,
1122 2571 1194 2638 Vol.
1218 2581 1250 2649 s,
1269 2593 1341 2656 pag.
1369 2575 1437 2655 ¹⁵7·
1459 2571 1606 2634 Bolslteri.
1702 2597 1720 2658 χ

304 2694 344 2778 7)
365 2699 474 2760 Exstat
493 2698 554 2760 hcc
575 2697 732 2762 distichon
764 2698 848 2779 apud
876 2697 1035 2770 Proclutn,
1067 2693 1171 2760 Sobel.
1200 2698 1233 2758 in
1256 2697 1384 2762 Platon.
1413 2699 1603 2762 Tbn.‘1'om.
1628 2719 1748 2784 apag.
1778 2705 1806 2734 ⁸

220 2808 289 2874 tals.
305 2801 355 2863 ed.
379 2801 526 2864 Behheri.
571 2801 716 2891 Quorum
737 2802 827 2886 prior
840 2821 995 2873 versuum,
1018 2821 1113 2885 quum
1134 2802 1178 2864 ita
1200 2801 1345 2866 laudatur
1357 2805 1441 2888 apud
1456 2805 1658 2870 Aristotelem
1668 2804 1751 2866 Ilbe-

217 2917 284 2966 tor.
307 2909 361 2983 111,
386 2909 432 2970 15.
454 2901 543 2970 rom.
569 2912 607 2983 rt
633 2931 705 2994 pag.
726 2911 799 2990 3⁰9·
823 2907 873 2970 od.
898 2903 1026 2970 Casaub.
1050 2906 1053 2910 ’
1337 2899 1340 2906 ’

374 3017 469 3078 amara
490 3019 546 3097 μὀι
566 3021 682 3099 Κριτίᾳ
702 3007 879 3098 πυρρότριχι
897 3033 1012 3095 nospes
1032 3006 1166 3091 bacciam,

219 3117 318 3178 nolim
338 3115 463 3198 quidem
485 3137 554 3180 cum
575 3119 770 3196 casaubono,
792 3111 905 3199 magno
923 3115 1064 3191 homine,
1088 3114 1250 3178 emendari
1271 3113 1310 3175 ad
1331 3115 1440 3178 Procli
1461 3115 1631 3200 exemplar.
1668 3119 1748 3180 Nam

218 3220 396 3302 cleophon,
420 3241 440 3283 e
460 3223 550 3305 cujus
570 3241 627 3284 oro
647 3223 828 3284 hexameter
846 3221 904 3282 iste
925 3219 1105 3304 profertur,
1135 3232 1172 3285 ut
1197 3219 1323 3283 Critiae·
1345 3218 1451 3280 odium
1481 3223 1641 3302 excitaret,
1662 3223 1749 3286 illam

212 3326 430 3408 ¹mutationem
449 3324 669 3412 πυῤῥότριχος,
702 3325 756 3408 qui
775 3325 869 3405 rufus
891 3338 948 3399 est,
972 3346 991 3387 e
1012 3328 1220 3409 ξανθοτρίχῳ,
1245 3323 1349 3404 flauo,
1380 3339 1506 3407 poterat
1530 3326 1571 3389 de
1598 3327 1749 3390 industria
1785 3344 1790 3356 ·

219 3429 387 3492 induxisse.
422 3432 503 3493 Nota
524 3445 571 3495 est
591 3429 797 3494 multitudinis
818 3431 858 3494 de
878 3430 957 3492 ruiis
978 3429 1117 3492 crinibus
1131 3441 1286 3511 tamquam
1307 3428 1464 3492 indicibus
1474 3431 1611 3510 malitiae
1627 3433 1747 3514 opinio,

218 3553 298 3617 quae
320 3555 383 3596 non
404 3536 506 3598 minus
526 3535 609 3618 opud
629 3536 773 3619 antiquos
793 3533 910 3619 viguit,
946 3555 1040 3621 quam
1066 3527 1153 3618 riget
1180 3535 1264 3616 apud
1298 3552 1366 3596 nos.
1412 3535 1562 3610 Ceterum
1588 3537 1748 3599 nonsatis

217 3639 320 3714 video,
341 3659 397 3702 oar
417 3639 583 3702 Eduardus
604 3640 749 3702 Meles-us
771 3642 806 3702 in
826 3639 910 3714 libro
930 3639 1034 3702 bonae
1055 3636 1157 3720 frugis
1179 3640 1218 3701 do
1239 3637 1564 3702 tono—damularum
1591 3655 1623 3701 st
1642 3642 1745 3720 fisca-

217 3746 290 3808 tium
311 3745 499 3820 debitorum,
520 3765 591 3828 pag.
615 3765 693 3827 219,
715 3757 781 3808 not.
804 3769 876 3823 aar,
897 3745 953 3806 ubi
972 3743 1190 3829 Cleophantis,
1213 3740 1324 3805 famosi
1353 3740 1535 3828 δημαγωγοῦ
1568 3745 1623 3825 (ut
1642 3742 1747 3806 breri-

221 3850 292 3925 tatis
313 3867 418 3911 caussa
439 3867 554 3934 graeco
576 3852 730 3913 vocabulo
750 3851 847 3930 utar)
881 3853 975 3916 vitam
1009 3849 1189 3923 adumbrat,
1224 3848 1308 3910 huno
1333 3867 1459 3912 versum
1487 3850 1519 3910 in
1547 3848 1745 3909 accusatione

220 3953 335 4015 Critiae
356 3975 373 4015 a
395 3952 595 4036 Cleopbonte
624 3954 781 4038 prolatum
807 3955 884 4018 velit
913 3955 981 4037 (ct.
1012 3970 1136 4018 nostrae
1157 3951 1379 4016 dissertationis
1407 3971 1475 4035 cap.
1498 3953 1566 4018 Vll.
1579 3954 1618 4034 ),
1648 3973 1745 4035 quum

217 4057 332 4138 majori
352 4057 555 4122 similitudine
575 4059 644 4125 reri
673 4060 736 4124 dici
765 4059 880 4143 possit,
911 4061 944 4121 in
965 4058 1151 4122 defensione
1179 4057 1227 4118 sui
1258 4056 1414 4119 hominem
1442 4055 1476 4117 id
1506 4053 1636 4120 recissa,
1664 4059 1744 4120 Nam

218 4183 311 4246 quum
333 4165 372 4226 ab
393 4162 443 4241 iis,
466 4162 519 4247 qui
541 4167 661 4247 populo
683 4165 935 4243 adversabantur,
970 4164 1129 4225 damnatus
1149 4161 1260 4238 fuerit,
1294 4180 1359 4223 non
1381 4159 1475 4225 facile
1504 4161 1693 4240 errabimus,
1717 4162 1744 4222 si

219 4265 335 4328 Critiae
357 4289 425 4330 suas
446 4283 554 4350 partes
580 4268 611 4328 in
634 4272 701 4353 ejus
721 4270 839 4354 judicio
859 4269 953 4332 fuisse
974 4287 1164 4334 censeamus.
1239 4345 1240 4348 Ἴ
