4128 5918
1092 369 1133 420 te

1026 461 1188 500 aaa·

357 601 587 700 syhulusque
611 610 785 694 tanquam
812 590 891 689 ejus
916 589 972 664 rei
997 587 1159 704 criminis
1183 589 1223 662 in
1238 587 1385 662 vincula
1409 601 1534 664 essent
1557 587 1735 686 conjecti,
1759 611 1881 689 popu·

279 738 287 754 ‘
355 723 436 812 lus,
459 730 609 792 auctore
628 715 752 804 Critia,
775 709 998 810 proditionis
1018 707 1058 781 in
1074 720 1222 781 mortuo
1237 706 1416 804 judicium
1429 707 1509 780 fieri
1523 707 1644 805 jussit,
1669 731 1879 807 quoquina

357 851 456 915 esset
480 847 727 933 compertum,
753 830 912 929 patriam
936 826 1147 904 Laconibus
1171 825 1318 900 tradere
1344 824 1506 902 voluisse
1530 827 1800 922 Phrynichum,
1832 825 1881 902 de

290 945 293 950 ’
355 979 447 1031 nece
462 943 549 1051 'ejus
573 953 628 1027 rei
654 949 815 1032 absoluti
838 961 943 1040 sunt,
978 945 1161 1020 interfecti
1177 944 1335 1020 cadaver
1358 943 1533 1042 ejectum,
1558 945 1772 1022 defensores
1800 946 1881 1042 ejus

356 1069 595 1152 Aristarchus
623 1084 660 1144 ct
683 1068 866 1143 Alexicles
893 1065 1007 1142 occisi
1022 1071 1067 1138 ¹⁵.

455 1191 516 1266 v1.
554 1191 746 1286 Ahrogato
786 1185 920 1260 deinde
960 1182 1318 1284 quadringentorum
1353 1182 1530 1282 imperio,
1560 1205 1697 1282 ,quum
1736 1209 1882 1261 summa

357 1333 483 1386 rerum
516 1307 563 1382 ad
589 1308 686 1381 cives
721 1306 920 1404 quinquies
948 1303 1047 1377 mille
1072 1303 1265 1393 cessisset,
1306 1304 1437 1403 populi
1470 1301 1563 1378 scito
1587 1303 1797 1378 Alcibiades
1831 1305 1881 1379 uh

360 1429 490 1504 exsilic
517 1437 711 1502 revocatus
737 1436 794 1498 est
812 1427 855 1496 ¹⁶.
904 1423 1019 1518 Cujus
1044 1422 1099 1495 rei
1124 1421 1275 1496 Critiam
1298 1421 1418 1494 fuisse
1443 1443 1636 1497 suasorem
1662 1421 1882 1499 Plutarchus

361 1561 493 1626 auctor
518 1557 575 1620 est
589 1560 641 1636 ¹7,
673 1544 794 1618 citatis
820 1542 940 1642 ipsius
967 1540 1101 1614 Critiae
1124 1539 1172 1614 ad
1195 1539 1423 1614 Alcibiadem
1446 1538 1617 1614 semibus
1643 1541 1723 1614 his:

537 1661 682 1760 Γνώμη
710 1657 747 1734 δ’
784 1655 808 1750 ἦ
834 1681 874 1734 oe
898 1656 1117 1756 κατήγαγ’,
1149 1657 1221 1754 ἐγὼ
1248 1655 1397 1749 ταύτην
1421 1660 1465 1732 ἐν
1488 1655 1635 1734 ἅπασιν

605 1773 754 1870 Εἶπον,
779 1781 851 1853 καὶ
874 1777 1035 1876 γράψας
1061 1767 1235 1876 τοῦργον
1260 1775 1413 1876 ἔδρασα
1437 1775 1544 1854 τόδε·

538 1904 720 2000 Σφραγὶς
746 1895 835 1971 δΗ
812 1889 1001 1995 ημετὲρας
1026 1895 1197 1992 γλώσσης
1221 1900 1284 1972 ἐπὶ
1310 1894 1473 1984 τοίσδεσι
1494 1905 1632 1973 κεῖται.

458 2023 538 2096 Hoc
564 2033 640 2096 est:
679 2043 765 2094 eam
798 2030 929 2092 cutem
956 2019 1210 2108 sententram,
1254 2013 1354 2116 quae
1378 2018 1560 2092 reducem
1585 2031 1626 2092 te
1639 2013 1771 2116 fecit,
1806 2033 1887 2116 ego
1985 2019 1988 2024 ’

358 2143 603 2237 pottissimum
629 2141 669 2212 in
691 2137 831 2232 populi
850 2137 1045 2209 concione
1065 2136 1261 2234 proposui
1270 2133 1506 2234 sy'usquerci
1517 2138 1769 2234 rogationem
1788 2137 1863 2211 tuli
1868 2161 1885 2229 ς

361 2261 433 2334 ced
456 2260 505 2350 cb
532 2257 734 2354 tillinges
757 2277 846 2328 mea
869 2255 1015 2327 annulo
1042 2255 1255 2350 obsignata
1278 2254 1366 2327 erit.
1967 2247 1973 2254 “

463 2376 535 2472 Qui
558 2397 689 2448 versus
704 2395 885 2470 perquam
911 2386 999 2446 sunt
1020 2372 1291 2446 memorabiles.
1337 2372 1534 2446 Continere
1551 2374 1649 2454 enim
1671 2397 1735 2474 eos
1754 2396 1890 2475 oppro-

364 2496 487 2570 hrium
520 2494 688 2590 ingratae
712 2491 846 2564 mentis
880 2491 1040 2590 quisque
1074 2491 1194 2582 videt,
1236 2512 1304 2562 nec
1329 2490 1453 2564 minus
1485 2491 1739 2567 demonstrant
1764 2515 1892 2592 super·

367 2615 495 2696 cilium
504 2609 638 2686 Critiae
654 2621 690 2682 et
703 2608 930 2684 obstinatum
949 2611 1125 2700 animum,
1152 2609 1217 2706 qui
1231 2632 1307 2682 non
1326 2608 1433 2682 facile
1449 2609 1497 2682 ad
1515 2613 1825 2710 expostulandum
1841 2611 1890 2686 de

237 2751 240 2757 ’
358 2730 552 2806 heneficiis
579 2726 789 2802 descendat.
840 2728 999 2818 Omnino
1016 2742 1139 2802 tamen
1165 2725 1257 2828 quid
1280 2726 1328 2800 ad
1353 2749 1563 2804 conversus
1586 2751 1715 2804 msam
1746 2731 1892 2804 dederit

368 2849 522 2938 Critiae,
550 2847 755 2933 nescimus3
780 2845 866 2918 inde
893 2860 970 2936 est,
1001 2845 1103 2944 quod
1127 2869 1249 2944 neque
1270 2859 1371 2918 recte
1396 2845 1563 2942 judicare
1583 2871 1809 2944 possumus,
1841 2873 1892 2924 an

369 2991 435 3042 eae
454 2962 668 3042 inimicitiae
688 2965 839 3038 critiam
863 2964 1095 3064 impulerint,
1125 2963 1227 3062 quod
1250 2963 1390 3038 factum
1416 2987 1498 3040 esse
1523 2965 1678 3058 scimus,
1700 2968 1747 3043 'ut
1770 2969 1894 3068 ingra-

367 3231 500 3311 Κριτίαν
518 3228 703 3290 Eetioneam
715 3198 877 3308 Spartanis
896 3225 1023 3290 tradere
1042 3225 1180 3290 voluisse
1201 3222 1286 3306 dicit,
1305 3225 1432 3312 triginta
1453 3235 1656 3304 tyrannorum
1676 3238 1800 3310 tempus
1821 3245 1892 3292 cum

369 3346 514 3414 tempore
535 3331 842 3416 quadringentorum,
865 3329 996 3394 critiam
1019 3350 1091 3394 cnm
1111 3329 1294 3413 Phrynicho
1315 3329 1473 3394 miscuisse
1492 3327 1625 3393 ridetur.

453 3458 511 3533 25)
529 3459 575 3521 lta
596 3477 666 3518 rem
688 3471 848 3538 exponunt
867 3456 974 3542 Lysias
993 3457 1066 3519 ado.
1084 3463 1284 3540 Ageratos.
1303 3477 1367 3543 seq.
1391 3470 1424 3521 et
1445 3462 1580 3543 Lycurg.
1592 3457 1664 3518 cdo.
1679 3457 1826 3522 Leccrct.
1842 3461 1893 3528 30.

371 3565 534 3644 Lycurgos
555 3558 685 3624 Critiarn
707 3560 823 3624 diserte
849 3560 948 3635 addit,
979 3560 1019 3622 de
1048 3581 1085 3624 ea
1109 3561 1150 3624 ad
1177 3561 1331 3642 populum
1360 3561 1559 3648 rogationem
1585 3562 1702 3624 tulisse.
1744 3566 1825 3628 Cum
1845 3563 1896 3630 his

371 3664 453 3730 male
473 3664 599 3748 quidem
626 3665 836 3743 consentiunt,
866 3683 946 3783 qpae
973 3662 1169 3742 Thucydides
1195 3662 1306 3740 habet,
1335 3667 1420 3746 VIII,
1439 3687 1502 3750 9²3
1531 3667 1586 3728 sed
1614 3668 1648 3730 in
1670 3667 1775 3732 medio
1797 3667 1896 3730 relin-

373 3770 494 3852 quenda
513 3781 594 3844 sunt,
617 3789 710 3850 mum
730 3766 904 3854 gravissimi
924 3765 972 3828 illi
1001 3780 1147 3830 oratores
1172 3765 1212 3830 ad
1210 3769 1423 3858 populiscita
1450 3791 1522 3836 sese
1548 3769 1696 3836 celerant.
1730 3769 1779 3834 ef.
1793 3771 1897 3840 Meier

375 3875 524 3938 debonis
545 3875 718 3934 damnator.
739 3891 812 3956 pag.
840 3875 909 3938 181.
930 3884 997 3934 not.
1020 3873 1072 3940 68.

364 4070 369 4076 ,
459 4001 514 4075 26)
535 3991 608 4068 vid.
634 3996 806 4081 Thucydid
829 4001 914 4076 vm,
935 4020 986 4084 (ῃ.
1020 3997 1155 4066 Diodor.
1186 3999 1250 4064 sio.
1276 4000 1367 4072 1111,
1391 3939 1448 4084 87.
1478 3999 1603 4066 Ccmsl.
1630 3999 1786 4084 Nepos,
1777 4023 1809 4064 ιιι
1830 4004 1898 4066 cita

377 4103 478 4168 Atesi.
499 4107 531 4170 5

462 4211 519 4298 27)
540 4215 576 4276 In
597 4213 663 4276 citc
682 4210 782 4276 Alcib.
805 4231 878 4295 pag.
902 4227 1014 4294 soq.
