4128 5918
858 333 1019 462 ὲ

177 556 243 644 bat
268 555 418 648 Critias,
443 553 687 629 admiratione
714 551 929 650 disciplinae
953 551 1051 654 ultro
1076 552 1292 654 prodierint.
1360 555 1550 630 Bonarum
1571 569 1700 629 autem

178 675 303 752 studio
334 674 540 748 litterarum
565 689 602 750 et
627 675 762 748 artium
787 685 907 748 totum
929 697 969 747 se
995 673 1156 748 dederat.
1215 675 1311 764 Nam
1336 687 1372 748 et
1395 676 1700 774 praeceptoribus

178 815 272 870 usus
299 806 354 868 est
380 795 520 892 Gorgia
542 795 723 870 Leontino
749 817 792 865 ae
818 792 970 866 Socrate
995 792 1258 890 sophronisci,
1285 807 1321 866 et
1346 818 1431 867 oum
1449 795 1568 870 doctis
1585 795 1703 868 homi·

178 905 290 988 nibus
325 913 626 1012 frequentissime
657 927 845 1003 versatus,
887 927 930 986 ut
973 936 1083 1010 saepe
1119 913 1236 988 etiam,
1269 915 1548 1012 peregrinantes
1589 912 1701 986 domo
1759 923 1764 932 ¹

174 1031 251 1108 'sua
274 1032 461 1130 exciperet
481 1052 532 1106 ¹¹.
572 1034 671 1108 Idem
695 1034 789 1106 tibia
814 1032 970 1107 canendi
993 1056 1077 1105 cum
1105 1033 1237 1122 Callia,
1261 1030 1459 1130 Hipponiei
1485 1033 1577 1121 filio,
1605 1033 1701 1104 inter

178 1149 332 1247 juvenes
358 1151 603 1228 Athenienses
627 1152 776 1226 habitus
801 1166 858 1227 est
881 1152 1128 1250 peritissimus
1151 1161 1190 1234 ι’.

279 1291 340 1366 lll.
377 1294 459 1368 Jam
493 1292 643 1390 quidem
671 1293 830 1389 Gorgiae
857 1293 1002 1382 schola,
1046 1294 1108 1366 o'ui
1140 1317 1224 1366 eum
1261 1291 1451 1364 Alcibiade
1471 1292 1703 1366 adolescente

181 1410 394 1501 adulscens,
419 1436 504 1485 cum
519 1411 734 1506 Thucydide
754 1435 798 1482 ao
814 1412 950 1491 Pericle
973 1413 1124 1488 senibus
1146 1411 1314 1487 interluit
1332 1407 1382 1500 ¹³,
1408 1391 1493 1482 eum
1508 1409 1593 1483 tulit
1607 1410 1703 1483 fruc·

182 1542 282 1620 tum,
318 1542 360 1603 ut
377 1531 665 1629 grandiloquum
692 1531 783 1604 illud
798 1532 1126 1630 magnificumque,
1145 1531 1248 1630 quod
1262 1529 1507 1626 supercilium
1525 1527 1703 1604 orationis

184 1649 316 1724 Graeci
332 1651 587 1747 appellabant,
619 1651 658 1722 in
674 1649 808 1721 Critiae
834 1673 908 1722 non
930 1652 1050 1746 magis
1066 1652 1242 1748 operibus
1269 1649 1501 1746 eloquentiae
1527 1670 1639 1744 quam
1663 1640 1704 1719 in

181 1767 407 1862 Thucydidis
432 1769 644 1866 narratione
662 1767 710 1838 ad
728 1768 842 1842 Siculi
850 1771 1017 1862 ,maxime
1041 1785 1240 1868 praecepta
1255 1769 1451 1867 Sophistae
1474 1765 1705 1864 grammatici
1836 1751 1841 1758 ’

182 1899 325 1962 veteres
352 1887 532 1960 referrent
549 1895 591 1960 ¹4.
635 1887 797 1960 Socratis
817 1881 911 1960 ‘vcro
938 1889 1262 1979 consuetudinem,
1293 1901 1337 1960 ut
1359 1889 1407 1959 ab
1432 1909 1477 1958 eo
1501 1885 1706 1982 prudenter

146 2045 151 2053 ·
183 2005 370 2080 discerent
392 2008 608 2081 hominibus
634 2007 690 2079 uti
714 2009 991 2104 tractandisque
1023 2009 1183 2105 negotiis
1211 2008 1293 2106 apti
1325 2005 1586 2094 redderentur,
1634 2004 1708 2076 Cri·

183 2122 274 2198 tiam
311 2125 613 2224 Alcibiademque
650 2125 839 2222 amplexos
864 2126 1096 2223 Xenophon,
1136 2127 1175 2197 in
1211 2127 1410 2200 avertenda
1443 2125 1491 2198 ab
1517 2122 1706 2220 sapientis·

184 2243 278 2318 simo
309 2257 550 2342 praeceptore
584 2247 702 2320 omnis
740 2267 877 2341 pravae
910 2247 1151 2320 institutionis
1193 2247 1415 2320 contumelia
1445 2244 1507 2342 pie
1544 2243 1707 2332 sedulus,

183 2364 390 2439 rectissime
423 2365 679 2438 animadvertit
699 2364 740 2434 ¹⁵.
804 2364 901 2462 Quid
945 2365 1041 2438 enim
1075 2366 1245 2440 homines
1278 2363 1570 2440 ambitiosissimi
1598 2376 1635 2434 et
1659 2363 1717 2456 aa,

185 2505 334 2560 ornnem
357 2483 540 2583 proclives
567 2484 757 2559 libidinem
782 2485 944 2560 Socratis
984 2499 1229 2584 sequerentur
1259 2487 1299 2557 in
1333 2485 1435 2556 omni
1466 2484 1542 2558 vita
1573 2496 1708 2578 tempe·

269 2761 324 2830 rr)
345 2753 637 2820 Luculentissimum
659 2767 706 2817 est
725 2753 818 2838 hujus
837 2753 886 2816 rei
906 2757 1084 2838 exemplum
1106 2754 1254 2818 eximium
1289 2754 1368 2817 illud
1393 2773 1432 2818 ex
1456 2751 1564 2838 elegiis
1592 2751 1710 2816 Critiae

182 2858 390 2944 fragmentum
412 2859 452 2922 dc
473 2859 680 2943 temperantia
700 2859 936 2942 Spartanorum,
959 2861 1044 2946 quod
1063 2862 1259 2927 conservavit
1279 2860 1466 2933 Athenaeus,
1483 2864 1525 2938 X,
1546 2878 1618 2942 pag.
1635 2860 1708 2931 432.

183 2965 216 3028 d.
240 2984 343 3047 seqq,
372 2965 501 3050 egregie
520 2963 599 3028 illud
618 2964 652 3028 in
671 2978 813 3030 nostram
837 2968 975 3052 linguam
997 2964 1179 3030 translatum
1208 2988 1226 3026 a
1255 2965 1416 3043 Passerio,
1438 2965 1478 3032 V.
1500 2962 1548 3025 Cl.
1570 2962 1604 3026 in
1624 2963 1710 3026 libro

185 3067 363 3149 Pantheon,
382 3071 451 3132 aine
466 3069 654 3150 Zeitschrifl
675 3083 733 3132 ete.
756 3069 830 3138 Vol.
846 3075 886 3150 ΙΙ,
906 3085 986 3154 part.
1009 3095 1035 3150 ι,
1059 3091 1130 3156 pag.
1156 3073 1223 3135 105.
1245 3069 1332 3133 ldem
1351 3081 1482 3159 tenatur
1501 3069 1710 3132 Philostratus
1829 3083 1832 3090 ’

184 3175 217 3235 in
245 3173 312 3236 cita
343 3174 468 3249 statae,
489 3175 558 3237 init.
601 3177 712 3258 anue
737 3195 790 3237 res
816 3177 884 3236 sine
910 3175 1008 3238 dubio
1041 3177 1110 3258 ejus
1137 3175 1171 3238 in
1202 3173 1396 3258 Lysandrum
1424 3185 1456 3234 et
1483 3173 1711 3258 Spartanorum

182 3276 413 3362 rempublicam
442 3277 595 3358 studium,
629 3299 724 3362 quum
751 3292 824 3362 post
853 3301 990 3364 pugnam
1018 3280 1058 3342 ad
1089 3282 1199 3363 Aegos
1225 3293 1376 3363 potamon
1399 3278 1536 3342 Athenas
1557 3277 1709 3353 rediisset,

183 3381 320 3446 adauxit.
360 3382 443 3451 Vide
463 3402 523 3445 nos
544 3401 613 3466 cap.
635 3387 720 3453 Vlll.

270 3509 327 3591 ru)
348 3507 446 3604 Quod
465 3508 525 3572 nisi
552 3529 591 3574 ex
617 3507 708 3583 initio
742 3511 864 3574 Timaei
892 3509 1049 3584 Platonici
1082 3511 1132 3574 vel
1158 3511 1262 3592 ipsum
1294 3521 1431 3591 pateret,
1459 3509 1650 3574 disceremus
1672 3529 1710 3572 ex

185 3617 313 3696 Pretio,
335 3636 406 3700 pag.
429 3623 501 3704 trah.
524 3614 573 3679 ed.
595 3617 743 3680 Beblteri.
785 3621 830 3681 lta
857 3617 951 3679 etiam
972 3616 1005 3678 in
1035 3620 1214 3698 Protagora
1242 3613 1384 3678 Platonis
1409 3614 1521 3679 Critias
1548 3633 1618 3677 cum
1641 3613 1710 3678 aliis

184 3720 346 3806 generosis
367 3719 534 3803 juvenibus
553 3718 640 3782 adest
659 3734 692 3785 et
709 3741 840 3806 operam
860 3721 914 3785 dat
933 3723 1016 3784 inter
1037 3742 1073 3784 se
1092 3719 1321 3806 disputantibus
1341 3725 1552 3806 Protagorae,
1575 3705 1707 3808 Socrati,

183 3825 335 3900 Prodico,
355 3824 503 3910 Hippiae.
946 3909 948 3914 ,
1050 3881 1054 3892 .

269 3951 325 4036 ιδ)
347 3951 422 4020 Vid.
443 3951 632 4028 Athenaeus,
650 3953 704 4029 Ν,
724 3973 758 4037 p.
778 3955 847 4028 rea.
870 3952 902 4017 d.

273 4079 327 4160 aly)
348 4077 421 4150 Vid
443 4079 625 4143 Philostrat.
648 4081 704 4142 uit.
728 4079 864 4162 Sopdirt.
888 4083 912 4154 1,
934 4103 964 4166 q.
987 4078 1077 4162 (cita
1100 4075 1262 4160 Gorgiae)
1286 4103 1311 4156 r,
1333 4099 1404 4166 pag.
1428 4088 1499 4164 492.

270 4207 322 4289 15)
344 4207 393 4274 Ol.
415 4203 594 4272 Philostrat.
616 4209 766 4291 Epistola
786 4209 831 4274 ad
848 4209 965 4272 aarum
986 4213 1174 4293 Augustam,
1195 4225 1268 4290 pag.
1289 4225 1361 4290 9¹9·
