4128 5918
1126 414 1151 486 d

378 659 558 748 rentiam,
593 657 863 756 frugalitatem,
903 653 1189 732 abstinentiam?
1234 653 1350 750 Quid,
1391 673 1507 751 quum
1542 653 1615 752 ipsi
1641 653 1689 726 ad
1714 676 1754 728 se
1778 652 1905 728 omnia

376 777 548 854 trahendi
575 777 805 875 cupidissimi
839 787 983 868 essent,
1029 797 1075 848 eo
1108 785 1321 864 uterentur,
1366 774 1432 872 qui
1456 773 1506 846 ab
1535 775 1642 848 omni
1660 795 1756 847 vana
1783 771 1905 871 gloria

375 895 585 994 appetenda
611 908 710 972 esset
735 893 1011 980 alienissimus?
1049 892 1146 986 Quid
1169 893 1330 990 denique
1354 914 1439 966 eum
1466 891 1679 989 diligerent,
1719 893 1784 992 qui
1815 893 1905 966 mol—

373 1015 465 1090 litiei
479 1015 573 1114 ipsis
591 1028 629 1088 et
652 1013 893 1090 immodestae
917 1013 1052 1088 indolis
1077 1023 1154 1085 tam
1176 1033 1347 1087 severum
1363 1033 1404 1085 sa
1421 1012 1679 1109 castigatorem
1698 1013 1906 1110 praeberet,

373 1148 417 1208 ut
432 1121 604 1226 critiam,
628 1156 747 1231 quum
758 1133 957 1233 pulchrum
971 1131 1169 1229 quemdam
1189 1130 1360 1226 juvenem
1372 1131 1532 1228 turpiter
1547 1129 1771 1228 deperisset,
1801 1128 1904 1202 idem

372 1254 450 1352 pati
476 1253 633 1343 diceret,
663 1253 765 1350 quod
791 1274 896 1342 sues,
935 1251 1001 1348 qui
1025 1275 1162 1350 corpus
1188 1249 1374 1346 lapidibus
1400 1261 1564 1322 atterunt
1581 1246 1640 1318 ¹⁶?
1680 1249 1760 1323 Nec
1776 1261 1903 1322 tamen

374 1372 599 1446 mediocrem
625 1373 788 1472 aliquam
824 1369 871 1444 de
894 1371 1030 1446 Critiae
1061 1371 1102 1444 in
1132 1367 1433 1470 philosophando
1471 1367 1646 1441 facultate
1682 1369 1903 1443 sententiam

372 1490 489 1564 fuisse
518 1489 683 1566 Socratis
710 1489 964 1591 compluribus
986 1488 1328 1588 praestantissimus
1349 1485 1463 1560 bomo
1481 1485 1583 1586 apud
1606 1486 1794 1561 Platonem
1808 1487 1902 1560 locis

372 1609 491 1706 aperit
517 1609 599 1706 ejus
622 1611 781 1708 dialogi,
807 1609 874 1710 qui
898 1609 1116 1718 Charmides
1141 1609 1370 1684 inscribitur.
1420 1610 1516 1684 Nam
1541 1601 1669 1706 quum'
1682 1607 1723 1680 in
1746 1605 1901 1704 reliquis

372 1728 450 1804 suis
483 1752 569 1802 cum
593 1729 853 1830 Sophistarum
884 1750 1021 1826 genere
1053 1729 1369 1828 disputationibus
1401 1729 1633 1804 notissimam
1664 1727 1765 1800 illam
1799 1729 1903 1830 εἰρω-

272 1914 277 1924 .
372 1845 481 1923 νειάν
515 1870 623 1922 suam
657 1843 829 1924 So'crates
872 1847 925 1920 ita
962 1845 1156 1937 adhibeat,
1198 1860 1240 1920 ut
1272 1846 1475 1946 importuni
1510 1847 1682 1922 homines
1715 1844 1796 1920 suis
1827 1843 1901 1940 ipsi

370 1967 542 2041 formulis
574 1981 612 2042 et
635 1967 938 2044 conclusionibus
963 1965 1152 2063 illaqueati
1177 1964 1226 2038 ad
1254 1967 1294 2039 id
1323 1966 1575 2059 adducantur,
1614 1977 1656 2040 ut
1681 1987 1779 2064 quae
1804 1963 1901 2040 scire

370 2084 533 2182 professi
568 2100 709 2178 essent,
741 2087 893 2160 nescire
927 2107 967 2160 se
1001 2084 1212 2184 pudibundi
1251 2086 1476 2176 concedant,
1519 2086 1558 2160 in
1591 2084 1789 2161 Charmide
1821 2095 1902 2160 tota

372 2206 542 2301 quaestio
566 2205 620 2280 ita
646 2219 858 2304 comparata
883 2219 958 2296 est,
992 2217 1036 2278 ut
1061 2192 1304 2277 communiter
1326 2205 1452 2303 potius
1477 2229 1563 2278 cum
1588 2206 1701 2279 Critia
1728 2205 1901 2278 Socrates

370 2323 562 2398 veritatem
587 2324 757 2422 indaget,
783 2323 1027 2399 communiter
1051 2319 1181 2412 ambo,
1207 2346 1323 2420 quum
1349 2324 1452 2401 falsis
1476 2346 1517 2399 se
1539 2323 1706 2422 vestigiis
1728 2323 1901 2398 insistere

373 2431 448 2518 sibi
473 2445 663 2536 videntur,
686 2445 784 2518 viam
797 2453 966 2540 repetant
973 2495 984 2531 ,
1019 2462 1116 2538 quae
1141 2453 1241 2514 reete
1267 2441 1444 2518 alteruter
1468 2444 1708 2548 intellexerit,
1739 2443 1901 2516 invicem

372 2563 617 2639 corroborare
643 2563 827 2653 nitantur,
853 2561 970 2636 amice
993 2560 1120 2659 potius
1147 2559 1424 2659 colloquantur,
1449 2585 1563 2661 quam
1589 2561 1797 2660 disceptent
1816 2583 1902 2636 con·

372 2680 543 2756 tantiose.
592 2684 719 2782 Itaque
745 2684 856 2756 etiam
880 2679 980 2754 Plato
1005 2691 1093 2778 post
1122 2680 1379 2778 gravissimam
1405 2681 1504 2756 illam
1530 2680 1576 2754 de
1600 2681 1730 2755 mundi
1756 2681 1900 2754 fabrica

372 2799 662 2897 expositionem,
708 2822 805 2900 quae
829 2799 968 2874 Timaei
1001 2811 1261 2898 argumentum
1294 2813 1369 2892 est,
1412 2827 1529 2900 quum
1566 2803 1615 2876 ad
1645 2802 1900 2880 demonstran·

372 2917 457 2990 dam
494 2919 680 3016 perfectae
706 2919 863 2994 civitatis
898 2917 1096 3016 imaginem
1123 2917 1232 3016 quasi
1256 2919 1496 3019 archetypam
1521 2922 1720 3022 qumndam
1742 2922 1901 3010 humani

372 3039 520 3133 generis
546 3039 741 3114 historiam
767 3049 966 3112 contexere
979 3036 1107 3127 vellet,
1131 3036 1269 3112 Critiae
1286 3039 1522 3137 potissimum
1540 3041 1591 3114 ob
1607 3039 1899 3140 philosophandi

372 3178 528 3230 acumen
563 3173 769 3256 rerumque
809 3156 971 3230 civilium
1007 3155 1200 3231 scientiam
1231 3157 1312 3253 ejus
1352 3157 1512 3260 dialogi,
1560 3161 1626 3260 qui
1660 3181 1705 3233 eo
1747 3162 1898 3235 nomine

371 3275 592 3372 insignitur,
627 3277 824 3376 primarias
851 3275 1026 3375 tribuisse
1050 3288 1175 3373 partes
1200 3274 1357 3350 videtur.
1417 3279 1562 3352 Etenim
1594 3279 1731 3376 injuria
1761 3281 1897 3379 ahquis

373 3395 604 3494 suspicetur,
644 3397 857 3494 cognationi
892 3395 966 3470 hoc
1007 3418 1185 3494 magnum
1226 3395 1493 3498 philosophum
1525 3399 1753 3498 impertisse,
1788 3403 1900 3500 ¹quip-

370 3539 419 3612 pe
446 3515 561 3610 -oujus
593 3529 711 3590 mater
751 3517 872 3615 neptis
911 3514 1025 3589 fuerit
1058 3515 1194 3589 Critiae
1212 3515 1261 3614 ¹⁶3
1315 3540 1401 3590 nam
1440 3531 1478 3608 et
1518 3519 1740 3614 oblatam-a
1770 3533 1899 3617 poten·
2048 3589 2049 3608 ,

370 3633 514 3710 tissima
548 3637 676 3712 matris
710 3637 893 3710 avunculo
935 3635 1169 3711 occasionem
1207 3636 1261 3708 rei
1301 3638 1514 3712 tractandae
1551 3638 1724 3738 publicae
1760 3639 1897 3714 scimus

459 3861 713 3955 16)Msmcrad.
740 3874 830 3938 Soer.
852 3875 876 3949 l,
901 3895 930 3950 u,
955 3893 1003 3936 aa.
1022 3865 1090 3958 sqqss
1133 3877 1184 3940 Ex
1208 3877 1271 3939 boc
1297 3877 1371 3940 loco
1402 3897 1457 3967 sup
1484 3879 1614 3962 sumpsit
1638 3879 1708 3943 set.
1730 3835 1896 3954 Aristides,

372 3978 406 4037 in
428 3977 518 4040 lande
539 3977 708 4044 rdcton'ess
734 3981 808 4042 ado.
837 3977 965 4044 Platon.
990 3982 1058 4064 adq,
1087 3982 1176 4045 Tum.
1199 3985 1247 4058 11,
1269 4004 1340 4067 pag.
1362 3985 1429 4050 83..
1445 3997 1478 4046 et
1501 3982 1533 4043 in
1560 3983 1702 4047 orations
1729 3984 1897 4047 Platonica

368 4099 430 4159 pro
451 4085 661 4163 quattuorviris
690 4083 871 4166 (Miltiade,
903 4086 1131 4162 Themistocle,
1165 4086 1314 4167 Cimone,
1347 4089 1512 4164 Pericle),
1544 4099 1616 4168 407,
1646 4091 1682 4152 T.
1707 4091 1745 4175 ll,¹
1767 4109 1799 4171 p.
1824 4099 1897 4170 247.
1931 4179 1935 4182 -
2047 4141 2048 4170 ,

373 4185 421 4248 ed.
444 4186 537 4249 teth.
1489 4203 1492 4210 ’

461 4292 513 4372 ¹7)
536 4291 724 4373 Xenophon,
747 4293 948 4358 Memoralii.
974 4296 1063 4357 Scor.
1086 4300 1109 4369 l,
1134 4317 1164 4370 s,
1191 4315 1230 4378 29
1249 4303 1313 4379 s'eq.
