4128 5918
949 373 997 450 .¹9

890 467 1053 502 η

208 595 338 684 nisset,
382 573 583 692 plurimum
609 594 657 668 ad
687 593 840 692 triginta
866 595 1014 670 illorum
1038 591 1294 668 auctoritatem
1324 591 1571 668 inducendam
1596 595 1735 672 attulis-

207 729 287 805 set,
324 717 590 802 Theramenem
621 715 726 805 dico,
774 715 1003 790 interfecerit
1037 713 1189 804 Critias,
1228 713 1306 788 suis
1339 711 1445 786 illum
1478 713 1642 788 consiliis
1677 715 1737 788 ad·

206 837 349 912 versari
396 857 639 925 succensens,
680 857 791 908 nemo
836 835 1034 908 mirabitur
1047 835 1093 904 ¹0⁸.
1166 832 1286 904 Hahet
1323 844 1447 906 tamen
1486 853 1531 904 ea
1566 854 1628 908 res
1662 834 1736 908 hoc

205 979 297 1054 prae
322 956 476 1053 reliquis
505 966 581 1028 tam
606 955 778 1028 immanis
802 951 1064 1027 dominationis
1088 952 1319 1028 facinoribus
1343 950 1451 1050 quasi
1476 952 1733 1050 praecipuum,

206 1076 311 1173 quod
342 1074 494 1148 minime
527 1073 748 1148 immeritam
772 1073 1019 1148 Theramenes
1042 1095 1203 1172 poenam
1228 1070 1344 1146 luisse
1374 1071 1553 1146 videatur.
1619 1071 1735 1171 quue

205 1219 293 1268 vere
319 1195 410 1284 dici,
450 1195 516 1293 qui
538 1193 847 1292 gravissimorum
871 1206 1085 1282 auctorum,
1124 1191 1370 1289 Thucydidis,
1394 1191 1593 1287 Lysiaeet
1613 1195 1738 1266 Xeno

202 1315 356 1412 phontis
393 1312 440 1388 de
472 1314 552 1411 ejus
588 1315 666 1390 vite
692 1312 856 1388 hominis
892 1311 1104 1386 testimonie
1132 1313 1251 1409 probe
1284 1311 1543 1409 perpenderit,
1584 1337 1737 1390 consen·
1853 1361 1869 1382 .

204 1435 284 1508 tiet.
357 1436 453 1509 Nam
495 1458 545 1509 ex
582 1431 799 1528 Thucydide
837 1433 1036 1521 discimus,
1072 1453 1159 1504 eum
1195 1432 1365 1528 inprimis
1406 1430 1455 1504 ad
1494 1432 1736 1507 evertendum
1869 1451 1873 1458 ·

202 1567 291 1648 post
321 1553 462 1627 cladem
494 1554 656 1628 Siculam
690 1553 745 1625 rei
775 1552 948 1648 puhhoae
981 1564 1119 1625 statum
1152 1553 1527 1652 constituendumque
1561 1553 1736 1652 quadrin-

205 1687 405 1768 gentorum
430 1673 628 1772 imperium
652 1672 869 1765 conjurasse
886 1678 939 1767 493
972 1671 1126 1761 deinde,
1157 1694 1276 1768 quum
1301 1674 1506 1748 exercitum
1530 1697 1626 1774 earn¹
1640 1697 1737 1747 oom-

201 1783 447 1866 mutatiorrern
487 1794 698 1891 improbare
736 1789 908 1882 vidisset,
951 1813 1042 1867 euos
1078 1791 1205 1890 ipsum
1239 1791 1401 1890 collegas
1431 1794 1573 1892 populo
1616 1793 1735 1866 reddi

203 1909 304 1984 disse
331 1911 492 2004 invisos,
526 1913 681 1988 insidias
712 1913 805 2010 ipsis
828 1911 1098 2001 machinatum,
1138 1933 1242 1984 arma
1265 1912 1428 2008 primum
1456 1913 1587 1988 ineos
1613 1936 1737 1988 susce-

194 2025 305 2125 pisse
323 2032 375 2127 ⁵⁰3
416 2055 513 2130 quae
546 2045 651 2106 tanta
675 2033 710 2106 ei
734 2031 985 2106 inconstantia
1009 2030 1191 2103 Gothurni
1222 2054 1376 2124 nomen,
1411 2033 1478 2131 qui
1503 2033 1649 2132 ceiceus
1678 2046 1735 2106 est

202 2152 252 2222 ad
275 2165 477 2250 utrumque
501 2166 650 2251 aptatus
673 2153 825 2250 pedem,
850 2131 997 2250 peperit
1013 2149 1059 2220 ⁵¹.
1109 2150 1174 2222 His
1188 2151 1361 2244 graviora
1375 2152 1488 2226 etiarn
1501 2175 1547 2226 ac
1564 2153 1736 2249 turpiora

77 2291 85 2306 ·
203 2270 334 2363 Lysias
372 2271 493 2360 addit,
536 2273 765 2370 Antiphouta
807 2272 995 2347 rhetorem
1009 2271 1043 2326 ⁵¹
1080 2281 1118 2342 et
1151 2270 1479 2368 Aroheptolemum
1516 2273 1734 2348 nominatim

201 2389 387 2480 referens,
411 2391 656 2466 amicissimos
681 2406 786 2482 ante,
810 2394 860 2468 sn
884 2415 930 2467 eo
944 2391 1085 2488 judicio
1099 2389 1231 2488 populi
1249 2390 1404 2466 traditos
1422 2392 1733 2490 interfectosque3

199 2509 485 2606 rempublicam
499 2511 759 2610 indignissime
782 2514 991 2612 deceptam,
1024 2535 1142 2609 quum
1164 2534 1296 2609 pacem
1312 2509 1581 2608 Spartanorum
1601 2513 1732 2609 aequis
1798 2507 1802 2513 ’

245 2746 342 2913 ⁰disti)
363 2745 448 2814 Vide
468 2768 539 2812 rern
558 2751 642 2834 apud
667 2751 927 2835 Xenophontem,
948 2751 1023 2815 hist.
1045 2774 1098 2836 gr.
1126 2754 1167 2827 11,
1189 2752 1219 2827 3,
1247 2754 1294 2818 1⁵.
1310 2769 1379 2836 sqq.
1413 2750 1531 2835 ineptit
1557 2752 1642 2815 circa
1663 2772 1731 2814 eam

199 2851 244 2916 Di
287 2871 371 2914 orus.

282 2959 340 3039 te)
361 2955 500 3040 Theod-
522 2960 606 3035 Vnt
628 2961 681 3028 68·

283 3063 341 3144 50)
363 3060 501 3142 Thucyd.
524 3061 607 3138 Vnt,
628 3067 680 3150 89.
699 3083 768 3148 sqq.

280 3189 338 3272 51)
358 3188 433 3255 via
454 3189 633 3271 Xenophon
660 3187 733 3252 hut.
755 3193 920 3274 gr.11,3,
942 3196 994 3260 31.
1022 3193 1072 3258 Cf.
1093 3192 1258 3258 Rnhnheu.
1281 3190 1360 3254 diss.
1383 3191 1421 3253 de
1442 3189 1634 3271 Antiphone
1653 3213 1726 3276 pag.
1800 3217 1808 3224 ·

196 3297 269 3365 816.
292 3295 385 3354 Tum·
407 3296 477 3364 VII.
500 3292 632 3357 Orator.
653 3295 783 3358 neishit
1272 3349 1285 3382 ,
1656 3321 1662 3334 ’

278 3416 336 3498 52)
356 3417 431 3485 Vid.
453 3422 524 3500 Lys
549 3422 623 3483 adu.
648 3423 812 3486 Eratosth.
836 3441 886 3487 no.
930 3422 996 3516 Qui
1017 3425 1098 3500 hpnc
1118 3425 1223 3488 locum
1244 3438 1391 3488 accurate
1414 3425 1538 3510 legerit,
1559 3442 1728 3506 rerumque

195 3523 230 3584 in
252 3537 317 3586 tcta
337 3523 393 3586 ille
421 3523 627 3587 Theramenis
653 3521 830 3594 facinorum
856 3529 1056 3614 expositione
1090 3528 1232 3594 ordinem
1262 3529 1467 3614 expenderit,
1500 3531 1567 3592 no'n
1595 3530 1728 3612 amplius

194 3627 359 3707 duhiubir,
391 3627 443 3714 agi
469 3629 575 3694 ibide
603 3633 735 3698 rhetore
761 3637 973 3714 Rhamnusio,
988 3657 1096 3726 'quem
1120 3637 1245 3720 sublato
1270 3635 1572 3723 quadringentorum
1593 3635 1727 3718 irnperio

193 3733 307 3818 populi
334 3733 454 3816 judicio
474 3735 651 3802 demnatum
684 3740 795 3804 scribit
825 3739 1038 3823 Thucydides,
1071 3743 1153 3818 vm,
1175 3745 1227 3812 68.
1258 3743 1354 3804 Hunc
1385 3740 1429 3804 ita
1456 3739 1595 3825 perdere
1625 3741 1726 3822 potuit
1825 3745 1828 3750 ’

192 3841 416 3914 Theramenes,
437 3853 471 3903 ut
491 3844 575 3924 apud
593 3845 747 3928 populum
768 3861 945 3920 accamret,
973 3848 1060 3931 quod
1079 3846 1200 3910 diserte
1231 3844 1340 3928 Lysias
1366 3843 1470 3910 tradit
1513 3845 1596 3907 Eum
1618 3856 1725 3906 contu

191 3943 428 4028 Antiphontem,
451 3946 659 4026 Lysidonidae
680 3947 791 4024 hlium,
814 3969 907 4033 quern
936 3953 1021 4035 apud
1047 3951 1308 4035 Xenophontem,
1335 3949 1407 4014 tut.
1428 3972 1479 4034 gr.
1502 3951 1557 4026 ΠΙ,
1578 3951 1609 4020 ὃ,
1633 3959 1684 4021 ho·
1708 3973 1726 4012 a

189 4049 320 4134 triginta
342 4049 479 4112 consum
499 4051 576 4118 dicit
596 4058 666 4139 ipse
686 4053 912 4131 Theramenes,
933 4075 1037 4143 neque
1056 4056 1125 4140 ipse
1135 4054 1349 4131 Ruhnkenins,
1372 4056 1446 4118 ate.
1468 4055 1507 4115 de
1522 4053 1723 4136 Antiphanes,

190 4175 264 4238 pag·
286 4159 356 4238 819.
386 4157 519 4220 eundem
541 4160 661 4224 hahere
683 4160 784 4244 potnit
810 4159 971 4235 camillo,
993 4160 1047 4246 qui
1068 4163 1417 4242 aLysiamemorannr.
1468 4161 1517 4226 hd
1547 4162 1626 4224 haec
1652 4179 1722 4222 con

188 4260 269 4344 rige,
296 4277 377 4342 quae
396 4260 608 4328 Schneiderus
628 4267 755 4350 profert
775 4264 815 4328 ad
836 4265 858 4327 l.
881 4267 902 4330 1.
922 4265 1151 4352 Xenophontis.
