4128 5918
1121 391 1145 466 6

375 643 512 720 vidisse
547 659 628 718 sese
662 651 819 722 testatur
854 639 956 738 apud
986 637 1173 714 Platonem
1189 636 1219 710 ⁰.
1289 637 1405 714 Patris
1438 637 1661 716 Callaescbri
1695 659 1744 714 an
1780 652 1901 716 exstet

375 762 555 854 memoria
580 760 872 863 quadringentos
896 761 1011 849 inter,
1035 758 1174 856 quihus
1197 767 1285 856 post
1308 755 1580 852 Syracusanam
1605 761 1765 850 cladem,
1800 781 1900 834 anno

275 865 278 884 ¹
374 882 675 982 Peloponnesiaci
699 881 787 954 helli
810 879 932 979 primo
957 891 995 952 et
1018 879 1222 978 vigesimo,
1252 875 1535 952 Atheniensium
1557 877 1786 976 iespuhlica,
1820 901 1901 956 rem

376 1015 508 1100 agente
531 1001 762 1089 Pisandros,
793 999 976 1098 permissa
999 1011 1073 1090 est,
1101 995 1311 1072 continuari
1335 1019 1406 1093 pro
1431 1011 1534 1074 certo
1557 997 1698 1096 nequit.

474 1119 517 1194 ll.
556 1121 745 1196 Educatus
772 1131 829 1192 est
852 1115 1071 1209 liberaliter,
1112 1131 1156 1191 ut
1179 1116 1246 1215 qui
1272 1138 1408 1214 graeco
1431 1138 1535 1191 more
1569 1141 1686 1216 quum
1719 1118 1768 1192 ad
1791 1123 1903 1196 musi-

376 1235 451 1316 cas'
471 1239 684 1314 incubuerit
713 1251 810 1314 artes
836 1249 915 1311 tum
941 1237 990 1310 ad
1015 1236 1218 1336 gymnicas.
1288 1236 1336 1309 Et
1359 1235 1472 1332 hujus
1498 1238 1649 1336 quidem
1673 1239 1746 1330 rei,
1787 1261 1902 1337 quam

376 1360 575 1434 salutarem
600 1357 649 1430 ad
672 1357 826 1456 ingenui
839 1357 1001 1434 hominis
1018 1357 1286 1432 institutionem
1305 1367 1477 1430 exerceat
1491 1357 1584 1450 vim,
1617 1357 1721 1434 testis
1746 1358 1828 1457 ipse
1844 1370 1903 1435 est

238 1525 241 1538 ·
375 1478 501 1552 dicens
525 1475 626 1576 apud
646 1477 871 1552 Clementem
887 1476 1179 1550 Alexandrinum
1196 1489 1249 1550 ¹⁰:
1288 1463 1435 1574 sincipiti
1458 1501 1485 1552 a
1497 1479 1760 1575 generatione
1784 1479 1903 1580 homi·

375 1599 455 1687 ηίο,
481 1621 557 1695 quo
582 1597 733 1670 ἀοοιιιοι
757 1595 874 1669 modo
900 1597 1069 1694 opttinua
1094 1617 1268 1694 corpore
1286 1609 1403 1696 atque
1417 1593 1674 1694 fortissimus
1688 1597 1906 1692 procreari

372 1717 530 1812 poerit?
555 1717 595 1788 si
610 1727 730 1811 pater
754 1715 907 1812 qutiiem
930 1716 1014 1812 tyrae
1032 1727 1273 1791 exerceatur
1297 1728 1338 1789 et
1354 1727 1540 1791 vescatur
1559 1717 1687 1810 probe
1705 1728 1748 1789 et
1760 1714 1902 1790 labori·

376 1838 448 1912 bus
467 1837 717 1926 titdureseot5
742 1845 870 1907 mater
884 1847 1015 1908 cutem
1029 1830 1467 1932 infantbsuturt'forti
1480 1835 1533 1908 eit
1548 1856 1720 1930 corpore
1736 1857 1788 1906 ac
1796 1833 1903 1929 ppri-

375 1972 439 2030 ter
463 1966 726 2046 exerceatur,-
754 1975 850 2050 quae
864 1950 979 2026 verba
992 1953 1126 2028 stultus
1143 1965 1218 2043 est,
1243 1951 1310 2051 qui
1329 1975 1377 2027 ex
1391 1951 1567 2050 Euripide
1583 1953 1803 2028 adumbrata
1818 1974 1901 2026 esse

375 2077 498 2148 bonus
525 2072 693 2146 Clemens
715 2071 889 2161 affirmet,
915 2094 1031 2170 quum
1057 2093 1106 2146 ex
1121 2071 1322 2168 Spartanae
1338 2071 1478 2171 potius,
1498 2093 1574 2168 qua
1589 2071 1757 2171 impense
1773 2073 1902 2169 flagra·

460 2322 498 2403 8)
519 2324 554 2384 ln
580 2319 719 2394 Timaeo,
742 2339 814 2404 pag.
838 2337 887 2382 st.
931 2318 1080 2399 Ceterum
1100 2339 1138 2384 ea
1158 2341 1210 2384 res
1230 2321 1410 2404 scrupulum
1430 2319 1560 2407 injiciet,
1581 2320 1637 2408 qui
1656 2317 1904 2386 consideraverit

375 2429 527 2492 Solonem
545 2423 705 2510 octoginta
721 2443 871 2486 annomm
891 2441 999 2485 senem
1020 2421 1134 2486 obiisse
1157 2425 1241 2488 diem
1271 2446 1363 2488 suum
1391 2424 1516 2489 dnobus
1541 2437 1704 2510 postquam
1724 2423 1905 2489 Pisistratus
1981 2508 1986 2517 Ι

376 2530 574 2614 tyrannidem
593 2528 707 2594 invasit
727 2527 813 2593 annis
835 2527 939 2608 (fecit
963 2524 997 2588 id
1021 2525 1204 2592 Pisistratus
1230 2528 1364 2615 primum
1386 2550 1415 2592 a.
1437 2543 1510 2594 ante
1527 2529 1604 2596 Chr.
1625 2549 1657 2592 n.
1683 2527 1783 2609 562.)
1822 2545 1903 2610 quac

376 2654 451 2700 sane
471 2637 580 2700 rarior
600 2652 670 2696 esse
691 2631 815 2698 ridetur
833 2629 972 2694 Phaniae
992 2629 1125 2714 Ephesii
1145 2630 1281 2710 traditio,
1304 2653 1408 2719 quam,
1417 2633 1595 2698 Heraclidis
1615 2631 1756 2709 Pontici,
1788 2633 1904 2694 multos

377 2759 476 2804 annos
497 2736 699 2821 superstitem
715 2734 831 2802 vixisse
851 2747 924 2821 post
943 2733 1023 2800 illud
1043 2733 1169 2798 factum
1203 2734 1276 2806 virt
1299 2737 1459 2804 Plutarch.
1481 2739 1537 2802 cit.
1560 2735 1668 2805 Solon.
1689 2739 1745 2802 ult.
1761 2759 1835 2821 pag.
1849 2737 1900 2820 οὐ.

378 2841 552 2938 Quomodo
567 2839 650 2905 enim
673 2851 738 2902 tum
758 2839 842 2904 circa
863 2861 979 2903 annum
998 2853 1070 2927 ante
1090 2841 1149 2906 Ch.
1171 2843 1244 2928 hod.
1272 2842 1361 2926 leges
1387 2865 1458 2908 suas
1478 2843 1601 2910 archon
1629 2843 1706 2908 dare
1727 2841 1903 2926 potuisset?

378 2951 488 3034 ltaque
508 2947 600 3010 ctiam
620 2946 647 3010 si
671 2943 785 3010 Critias
805 2943 861 3008 ille
880 2945 993 3029 major,
1023 2945 1145 3029 dequo
1166 2957 1264 3008 exstat
1291 2947 1450 3010 distichon
1480 2948 1623 3024 Solonis,
1653 2946 1762 3012 decem
1782 2961 1903 3013 unusne

378 3072 485 3129 annos,
507 3073 602 3140 quum
622 3065 764 3116 mortuus
782 3049 861 3114 eolo
883 3063 939 3127 est,
961 3047 1079 3126 habuit,
1104 3047 1236 3115 difflata
1256 3051 1458 3136 intelligitur,
1479 3053 1639 3141 montedo
1662 3049 1777 3116 Critias
1798 3051 1904 3115 minor

377 3157 620 3242 nonagenarium
641 3153 782 3238 potuerit
801 3153 917 3238 vidisse
937 3153 1045 3220 decem
1064 3175 1219 3222 annorum
1238 3157 1318 3242 ipse,
1339 3157 1399 3222 nisi
1426 3157 1566 3224 Socratis
1593 3169 1695 3224 aetate
1720 3157 1789 3221 fere
1809 3173 1903 3239 supe·

381 3263 508 3335 riorem,
530 3280 594 3323 non
614 3257 771 3322 Alcibiadi
791 3259 952 3344 aequalem
972 3259 1069 3326 finisse
1087 3279 1226 3326 oensem.
1255 3261 1320 3326 Sed
1340 3263 1403 3346 ism
1423 3283 1489 3329 non
1509 3277 1609 3346 vacat,
1631 3262 1805 3330 accuratius
1820 3264 1902 3328 banc

379 3385 449 3427 rcm
469 3364 641 3439 illustrare,
660 3362 832 3448 desuntque
852 3363 986 3430 subsidia
1005 3367 1212 3432 ineundarum
1231 3371 1386 3453 temporis
1406 3369 1575 3434 rationum.

463 3470 500 3550 9)
522 3467 753 3532 Callaeschrum
764 3473 843 3532 'cum
864 3468 1030 3546 Pisandro,
1052 3494 1148 3557 quum
1169 3473 1253 3536 inter
1272 3473 1519 3559 quadringentos
1532 3485 1665 3560 uterque
1677 3485 1767 3552 emet,
1780 3473 1904 3539 leniora

383 3574 529 3647 sensisse,
551 3573 749 3637 'lhemmene
769 3572 894 3639 sacvius
913 3589 1035 3660 agente,
1066 3575 1349 3662 perhibet-Insita,
1378 3581 1450 3640 ado.
1481 3575 1644 3641 Eratosth.
1682 3599 1729 3659 to,
1748 3602 1780 3660 7.
1814 3580 1905 3642 Alius

382 3677 609 3752 Callaescltrus,
631 3675 762 3742 Diotimi
781 3675 873 3756 tilius,
894 3691 1037 3762 tempore
1056 3679 1225 3763 posterior,
1247 3695 1438 3747 memoratur
1457 3681 1676 3762 Demostheni,
1698 3682 1785 3764 cnjus
1804 3683 1904 3768 ψήφι-

383 3809 445 3868 ομο
467 3780 661 3864 subscripsit,
683 3783 721 3844 cle
744 3781 880 3858 Corone,
901 3801 969 3866 cap.
991 3784 1177 3866 97..nescio
1196 3807 1237 3850 an
1256 3785 1349 3862 idem,
1371 3786 1425 3875 qui
1445 3787 1530 3852 inter
1546 3785 1713 3852 dihesimos
1731 3787 1918 3858 ndentes.

382 3891 463 3950 sium
483 3887 631 3960 refertur,
651 3887 726 3949 adu.
745 3887 891 3968 Midian,
913 3908 982 3973 cap.
1006 3891 1056 3971 67.

470 3990 526 4072 ro)
547 3991 618 4056 Lib.
634 3993 690 4067 Vl,
710 4014 782 4078 pag.
804 3998 876 4068 Can,
891 3993 923 4056 d.
946 3990 996 4057 ed.
1019 3994 1106 4076 Sylh.
1125 3996 1233 4065 Verba
1250 3997 1368 4064 Critiae
1388 3997 1467 4064 haec
1486 4009 1577 4062 sunt:
1598 3992 1728 4085 ἄρχομαι
1748 3996 1905 4090 οἰοόγειοέ

384 4099 442 4181 τῆς
463 4091 653 4178 ἀνθρώπου,
676 4101 742 4199 noir
763 4095 801 4166 iis
819 4099 978 4187 βέλτιστος
998 4097 1034 4166 τὸ
1053 4105 1141 4187 σῶμα
1159 4107 1277 4191 γίνοιτο
1299 4105 1351 4170 καὶ
1372 4101 1584 4191 luxurianter,
1609 4105 1669 4170 eli
1687 4105 1828 4189 φυτεύων
1846 4135 1903 4194 yu-

385 4199 526 4284 μοάζοιτο
547 4202 600 4266 stoi
614 4205 721 4269 ἐσθίοι
734 4207 970 4290 &pondernuel
991 4207 1198 4294 πλοιπωροίη
1219 4205 1255 4275 ri
1279 4211 1377 4294 σῶμα·
1397 4211 1448 4274 καὶ
1469 4205 1604 4297 dadano
1624 4215 1682 4277 τοῦ
1700 4211 1826 4282 παιδίον
1846 4223 1905 4284 τοῦ

385 4303 550 4391 μέλλοντος
564 4308 707 4402 (aaaron
729 4305 827 4393 ἰσχύοι
847 4307 882 4376 τὸ
905 4315 993 4394 σῶμα
1013 4315 1065 4380 καὶ
1083 4314 1270 4398 γυμνάζοιτο.
1584 4315 1611 4364 ¹
