4128 5918
1081 403 1128 476 tt

445 639 617 738 Gatudua
649 635 809 734 denique
841 631 976 708 Critiae
1010 649 1064 710 et·
1083 636 1237 735 elegiaci
1269 635 1415 734 generis
1454 649 1560 710 erant
1592 649 1628 710 et
1667 633 1872 712 dramatici.

344 763 509 860 anrimr
536 783 584 832 ex
608 757 722 831 altero
748 753 891 851 majora
916 757 1097 854 quaedam
1132 757 1341 853 fragmenta
1365 769 1584 852 supersunt,
1627 755 1872 851 justissimum

342 881 568 960 desiderium
600 877 774 952 facientia
803 875 1032 972 reliquorum
1051 874 1103 965 ⁶⁸,
1149 899 1197 947 ex
1230 877 1347 950 altero
1378 873 1527 971 pr'aater
1557 897 1696 974 paucas
1731 875 1873 976 aliquot

342 999 598 1080 sententiasfie
623 997 770 1070 nomino
787 977 945 1070 ¹tantum
970 994 1082 1071 unius
1108 995 1305 1070 alteriusve
1336 995 1510 1072 dramatis
1527 1012 1573 1070 7⁰.

343 1239 407 1281 non
427 1220 538 1295 additis
558 1213 875 1297 patrumnominibus
895 1211 1072 1285 induxisse,
1094 1212 1157 1302 nisi
1175 1201 1457 1301 nonnunqum
1474 1215 1623 1280 musculo
1637 1212 1719 1298 sore
1739 1211 1873 1284 dacaru.

341 1304 466 1410 patrem
487 1296 631 1384 Homero
639 1321 775 1403 fluuium
795 1340 882 1394 tasse,⁸
915 1317 949 1378 in
969 1337 1033 1401 quo
1054 1314 1148 1380 facile
1169 1316 1256 1380 rides
1279 1319 1427 1381 deridere
1447 1320 1584 1384 voluisse
1612 1317 1742 1384 Critiam
1758 1317 1875 1383 'eorum

347 1425 514 1492 absurdam
535 1425 744 1504 sedulitatem,
767 1425 821 1511 qni
848 1423 1089 1506 uniuscnjusque
1116 1420 1219 1506 magni
1239 1422 1374 1486 bominis
1393 1424 1485 1508 etiam
1508 1424 1748 1489 memorabilem
1764 1441 1873 1510 quern

345 1533 415 1596 dam
437 1544 600 1614 parentem
631 1529 759 1595 vellent.
807 1527 902 1616 Quod
934 1528 1122 1595 Scholiastes
1152 1526 1314 1610 Euripidis
1346 1531 1391 1590 ad
1418 1531 1586 1612 Hippolyt.
1616 1551 1646 1595 v.
1670 1532 1740 1600 263.
1762 1527 1874 1604 retem,
1954 1509 1959 1522 ⁸

344 1636 454 1698 nobile
475 1635 555 1697 illud
575 1636 706 1698 dietum:
728 1631 823 1720 μηδὲν
842 1627 922 1717 dyas
944 1653 961 1694 a
983 1631 1079 1695 Critia
1103 1644 1135 1696 et
1155 1632 1296 1696 Pindaro
1317 1635 1445 1698 Chiloni
1466 1633 1578 1708 tribui,
1607 1633 1741 1698 fortasse
1762 1651 1803 1696 ex
1821 1632 1876 1696 iis·

334 1742 418 1803 ‘dem
440 1740 512 1805 vitis
534 1753 589 1802 est.
632 1737 779 1820 Denique
799 1739 862 1800 huo
882 1737 1044 1820 pertinere
1061 1738 1219 1813 ridentur,
1240 1757 1320 1824 quae
1341 1739 1381 1800 de
1403 1739 1598 1804 Archilocho
1620 1737 1875 1804 excritiababet

344 1845 467 1910 Aelian.
492 1848 572 1908 Van
596 1845 679 1906 Hirr.
701 1845 743 1919 X,
767 1845 814 1909 13.
843 1840 934 1923 cujus
962 1841 1044 1904 alter
1063 1840 1159 1903 locus
1180 1843 1220 1904 de
1249 1844 1475 1924 Themistocle,
1503 1843 1612 1908 itidem
1646 1843 1797 1908 e'Critia
1817 1843 1874 1906 de·

345 1959 524 2033 promptus,
547 1951 587 2024 X,
615 1972 661 2030 ¹7·
683 1967 722 2012 ex
742 1929 937 2010 orationibus
957 1946 1011 2011 rel
1031 1965 1069 2008 ex
1088 1945 1207 2028 palitiis
1228 1965 1297 2010 esse
1316 1963 1430 2033 potest.
1625 1985 1655 1996 .,

431 2051 490 2133 68)
509 2055 641 2118 Exstant
654 2051 738 2136 apud
748 2050 944 2114 Athenaeum
958 2053 984 2130 1,
996 2071 1070 2136 pag.
1086 2053 1135 2116 ο8.
1149 2051 1181 2114 b.
1195 2053 1234 2130 ll,
1257 2075 1288 2134 p.
1302 2057 1373 2127 tls.
1389 2054 1419 2132 d.
1441 2073 1508 2140 sqq.
1531 2053 1604 2122 Vid.
1617 2067 1692 2118 nota
1706 2069 1874 2122 nostran.

144 2156 151 2177 ‘
247 2241 253 2254 ι
347 2161 467 2228 Versus
489 2179 527 2221 ex
547 2157 657 2220 iisdem
677 2157 859 2240 desumptos
878 2156 918 2218 ad
938 2155 1135 2220 Alcibiadem
1156 2156 1285 2230 exhibui
1306 2179 1401 2242 supra
1420 2179 1488 2244 cap.
1506 2159 1560 2228 Vl.
1600 2158 1697 2224 Aliud
1716 2147 1876 2224 distichon
1987 2207 1990 2214 .

345 2277 395 2326 est
416 2285 467 2346 ap.
490 2262 651 2328 Plutarch.
675 2261 709 2324 in
729 2265 797 2326 vita
820 2262 957 2325 Cimonis
978 2283 1048 2345 pag.
1072 2265 1144 2336 484.
1467 2345 1469 2350 Ι

298 2445 302 2454 .
336 2362 346 2378 ⁹
429 2363 486 2450 6q)
520 2369 639 2429 Earum
660 2388 755 2428 unam
777 2367 870 2446 citavi
898 2378 964 2429 not.
986 2369 1036 2434 33.
1080 2367 1212 2430 Exstant
1241 2353 1325 2450 apud
1346 2368 1525 2432 stobaeum.
1556 2370 1626 2454 vDe
1647 2370 1789 2457 longiori
1809 2369 1876 2436 lra-

349 2464 479 2560 gmen'to
503 2488 523 2531 e
544 2465 682 2556 Sisypho
703 2471 764 2536 vid.
788 2483 856 2534 not.
881 2493 930 2535 ar.

428 2574 488 2658 70)
509 2577 561 2640 De
581 2574 641 2638 hac
661 2597 699 2638 ra
719 2574 783 2654 vid.
806 2574 932 2639 Fabrio.
955 2573 1028 2638 titt.
1052 2595 1106 2658 gr.
1125 2577 1216 2642 rom.
1247 2579 1286 2656 ll,
1314 2597 1386 2662 pag.
1411 2587 1480 2662 apt.
1513 2575 1620 2664 ibique
1638 2581 1788 2647 vllarless.
1822 2583 1876 2644 De

350 2679 493 2762 Sisypho
515 2678 675 2764 tragoedia
696 2679 815 2745 dictum
840 2692 889 2742 est
914 2691 980 2741 not.
1004 2681 1056 2748 33.
1105 2684 1173 2744 Βσ
1189 2679 1336 2744 Pirithoo
1362 2683 1526 2767 tragoedia
1556 2685 1648 2748 otiam
1676 2685 1878 2752 dubitabatur

346 2799 455 2848 utrum
476 2783 596 2848 Critiae
617 2797 706 2862 esset,
729 2805 768 2848 an
790 2781 967 2868 Euripidis.
1007 2782 1079 2850 Vid.
1103 2787 1292 2866 Athenaeus,
1313 2789 1366 2864 XI,
1387 2810 1461 2874 pag.
1474 2795 1545 2874 hqd.
1566 2791 1598 2853 b.
1626 2791 1676 2856 Cl.
1688 2792 1875 2859 Valbenaer.

348 2890 443 2952 diatr.
466 2909 539 2972 pag.
561 2879 630 2969 ¹97·
651 2905 679 2948 c.
708 2888 878 2951 Atalanten
907 2885 1014 2952 dratna
1038 2890 1149 2980 comici
1178 2890 1370 2974 conjecerim
1397 2907 1451 2956 aut
1474 2897 1600 2976 satyrici
1621 2895 1747 2981 generis
1768 2896 1875 2972 fuine.

348 2994 410 3058 nisi
431 2991 524 3056 forte
542 2991 636 3055 niuris
662 2991 769 3068 tribuo
798 2991 904 3054 sensui
931 2991 1062 3074 eorum,
1096 3014 1175 3080 quae
1204 2997 1319 3058 Pollux
1351 2997 1439 3078 dicit,
1472 3001 1624 3075 v11‚312
1648 2998 1721 3067 ddi
1745 2999 1878 3087 κωμικὸς

349 3095 487 3164 Πλάτων
508 3098 569 3182 ἔφη
590 3093 765 3174 ἂκλιίιστοος
786 3091 951 3183 στήαονας,
981 3098 1035 3163 καὶ
1054 3094 1224 3184 duraedirae
1254 3095 1289 3164 di
1317 3095 1356 3166 τὰ
1380 3103 1502 3186 νήματα
1523 3101 1704 3191 Ἡρόδοτος.
1747 3111 1877 3190 Κριτίας

250 3221 255 3230 ’
336 3203 428 3298 'laed
449 3200 605 3272 invenitur
637 3203 731 3266 etiam
756 3200 924 3291 Ἀριστίας,
952 3201 1037 3267 vidd.
1060 3203 1187 3290 intpp.)
1216 3203 1250 3272 dd
1275 3207 1308 3272 ἐν
1331 3202 1499 3302 Ἀταλάντῃ
1531 3205 1705 3297 ἁρπεδόνην
1733 3237 1766 3278 τε
1787 3210 1877 3280 λύσιν

351 3307 452 3386 ἱστοῦ,
472 3301 703 3392 τραγικώτερον.
731 3307 797 3372 Cur
815 3309 1036 3394 τραγικώτερον
1058 3307 1234 3393 adjecisset,
1255 3309 1282 3374 si
1303 3329 1343 3376 ex
1364 3313 1525 3400 tragoedia
1546 3335 1655 3380 versus
1675 3316 1805 3382 luisset?

338 3604 353 3638 τ’
435 3593 538 3654 Notae
559 3609 589 3674 9.
612 3590 710 3654 adde:
737 3591 779 3656 de
799 3595 955 3662 Pisandro
984 3596 1046 3663 vid.
1069 3600 1170 3663 Thac.
1199 3602 1288 3674 Vlll,
1322 3609 1374 3682 49.
1407 3602 1458 3668 53.
1488 3601 1537 3667 65.
1559 3601 1611 3669 68.
1665 3599 1743 3664 Inde
1763 3623 1781 3666 a
1802 3618 1876 3670 nota

356 3700 403 3742 ιο.
425 3685 571 3740 notarum
592 3695 739 3737 numerus
758 3679 793 3738 in
814 3695 962 3745 contextu
982 3682 1123 3745 turbatus
1143 3693 1199 3744 est.
1244 3686 1327 3762 Nota
1351 3707 1398 3746 ιι.
1420 3682 1558 3766 pertinet
1578 3684 1617 3746 ad
1638 3687 1735 3748 verba
1754 3685 1878 3768 primae

351 3761 463 3823 lineae.
478 3778 551 3841 pag.
572 3781 603 3840 7.
625 3759 827 3822 admiratione
847 3765 1028 3844 disciplinae
1049 3765 1131 3825 altro
1149 3765 1332 3845 prodierint.
1361 3767 1507 3834 ‚Deinde
1526 3768 1653 3849 signnm
1676 3793 1723 3832 ιι.
1747 3768 1780 3830 in
1800 3787 1876 3836 con-

352 3855 440 3906 textu
461 3841 588 3923 corrige
608 3838 642 3900 in
658 3862 704 3905 ra.
717 3854 748 3903 et
768 3843 814 3907 sic
833 3865 953 3927 porr03
974 3867 1045 3930 pag.
1057 3851 1097 3911 8.
1118 3848 1255 3930 primurn
1275 3845 1401 3932 signum
1423 3855 1469 3919 16·
1494 3861 1577 3912 muta
1597 3853 1630 3914 in
1655 3875 1666 3913 ι
1694 3895 1702 3912 .
1722 3853 1879 3950 posterius

208 3999 213 4008 .
338 3925 534 4000 '16.in18‚
569 3944 643 4006 pag.
666 3941 696 4006 9.
726 3928 854 4012 corrige
880 3931 925 3992 18.
947 3930 981 3992 in
1005 3950 1051 4012 ¹9·
1073 3932 1131 3992 rel.
1152 3942 1188 3994 ut
1207 3943 1300 3993 notae
1320 3929 1403 3994 infra
1430 3935 1550 4016 positae
1577 3874 1782 4017 aequabiliter
1802 3955 1880 4019 pro·
1952 3993 1956 3996 .

334 4020 337 4032 ’
355 4007 502 4071 cedentes
528 4017 615 4068 recte
635 4011 850 4096 respondeant·
867 4012 1005 4074 orationi
1024 4026 1205 4095 contextus3
1228 4013 1364 4098 denique
1385 4037 1417 4098 p.
1440 4040 1485 4080 ra.
1508 4029 1582 4098 post
1600 4029 1707 4078 notatu
1720 4021 1775 4094 25,
1798 4037 1877 4102 quae

356 4087 395 4167 ad
415 4093 728 4185 ¹signum-contentus
751 4103 799 4167 σα.
821 4097 975 4176 pertinet,
1009 4095 1090 4160 banc
1110 4097 1190 4162 adde
1212 4096 1251 4161 ad
1271 4098 1395 4181 signum
1417 4112 1581 4164 contextus
1601 4105 1652 4168 ab·
1672 4113 1745 4185 post
1764 4101 1877 4168 verba:

254 4244 257 4250 Ι
357 4171 559 4282 Aristarchus
582 4186 613 4232 et
633 4175 795 4265 Alexr'cles
830 4180 939 4240 occisi:
975 4177 1036 4259 οὔ)
1064 4179 1135 4286 llid
1157 4186 1294 4264 Lycurg.
1318 4200 1387 4264 cap.
1406 4184 1458 4249 3ο.
1480 4187 1531 4252 3ι.
1862 4199 1864 4207 ’

850 4387 1386 4418 w
