4128 5918
946 359 987 410 21

890 451 1046 486 m

205 595 331 658 secuta
365 595 432 656 est.
497 580 609 654 Dedit
639 593 762 652 tamen
790 578 924 654 Critiae
955 605 1045 679 prae
1070 583 1296 656 Theramene
1328 582 1495 673 fortuna,
1532 602 1609 681 quo
1644 602 1728 655 con·

135 713 142 720 “
205 702 416 778 stantiorem
441 700 635 798 proposito
661 713 698 773 et
723 713 860 774 tectum
885 723 967 776 sese
982 703 1105 777 minus
1130 715 1414 792 monstraverat,
1438 715 1500 792 ut,
1517 724 1602 800 ·quo
1623 723 1727 775 more

206 823 379 911 Catilina,
411 845 486 918 quo
510 819 732 894 Machethus
757 820 817 893 ille
841 819 1059 911 Scotorum,
1091 845 1167 920 quo
1193 822 1324 895 tertius
1350 821 1556 918 Anglorum
1581 820 1729 894 llichar·

204 941 275 1020 dus
301 939 579 1032 occubuerunt,
604 939 643 1012 in
669 940 748 1013 acie
773 939 973 1024 fortissime
991 940 1168 1017 dimicans
1193 953 1349 1013 mortem
1367 952 1568 1036 oppeteret.
1620 937 1729 1032 Quod

203 1059 426 1135 factumest
456 1060 578 1157 primo
611 1060 735 1134 statim
765 1061 926 1156 proelio,
972 1059 1076 1158 quod
1108 1085 1224 1159 quum
1249 1059 1503 1153 Thrasybulus
1537 1058 1729 1131 Piraeeum

206 1193 444 1276 tempestat,
474 1179 629 1278 triginta
652 1181 750 1253 inter
774 1192 811 1252 et
837 1179 987 1253 exsules
1014 1181 1248 1254 commissum
1274 1176 1377 1252 est⁵7
1404 1178 1521 1252 altero
1542 1190 1630 1273 post
1653 1169 1730 1250 fini·

204 1312 283 1373 urm
305 1301 444 1372 bellum
468 1300 819 1396 Peloponnesiacum
851 1287 984 1388 anno,
1006 1298 1072 1395 qui
1104 1299 1236 1398 tertius
1263 1313 1319 1374 est
1351 1309 1389 1372 et
1413 1295 1731 1398 quadringentesi-

203 1433 395 1495 mutante
420 1418 607 1494 Christum
630 1433 769 1493 natum.
826 1419 894 1490 Hic
919 1417 1001 1491 finis
1027 1417 1174 1490 Critiae.

305 1539 402 1613 Xlll.
428 1539 542 1636 Cujus
558 1539 732 1630 hominis,
757 1559 873 1635 quum
899 1549 934 1608 et
959 1534 1196 1610 doctissimus
1220 1535 1352 1629 fuerit,
1383 1538 1483 1612 etad
1499 1535 1730 1634 philosophi·
1850 1600 1853 1606 .

206 1681 284 1750 am,
317 1659 459 1732 civilem
474 1658 731 1754 prudentiam,
756 1655 1021 1753 eloquentiam,
1044 1655 1184 1751 poesin.
1197 1656 1372 1751 adjecerit
1396 1659 1581 1747 animum,
1613 1656 1730 1728 multa

158 1845 163 1862 ,
205 1779 355 1852 omnino
382 1773 482 1875 apud
505 1790 647 1852 veteres
675 1777 813 1874 scripta
838 1787 1181 1848 commemorantur.
1229 1777 1286 1849 De
1320 1779 1457 1875 quibus
1484 1801 1601 1876 quum
1625 1775 1730 1850 insti·

205 1898 276 1972 tuti
291 1898 385 1971 ratio
400 1897 618 1994 postularet,
643 1909 686 1968 ut
702 1894 890 1992 copiosius
906 1916 1188 1990 exponeremus,
1213 1893 1302 1967 facit
1320 1910 1356 1969 et
1371 1897 1547 1993 temporis
1567 1909 1604 1969 et
1619 1893 1728 1992 spatii

204 2016 396 2116 angustia,
432 2029 475 2089 ut
489 2016 492 2022 ’
505 2015 636 2112 paucis
665 2015 923 2113 defungantur.
984 2013 1103 2110 Igitur
1132 2012 1480 2109 philosophicorum
1503 2013 1730 2110 paucissima

205 2148 352 2211 exstant
374 2135 549 2234 vestigia3
580 2157 668 2206 nam
694 2132 913 2206 sententiam
932 2132 1033 2205 illam
1049 2129 1096 2204 de
1112 2132 1252 2223 anima,
1278 2121 1383 2231 cujus
1397 2133 1614 2208 Aristoteles
1631 2155 1730 2206 men·

177 2255 343 2331 tionem
380 2255 488 2344 facit,
537 2254 763 2351 impietatem
795 2276 936 2342 suam,·
969 2254 1015 2326 de
1048 2233 1123 2348 rpua
1158 2253 1265 2326 multi
1300 2254 1563 2344 observarunt,
1602 2265 1730 2325 utrum

204 2374 458 2473 singularibus
482 2373 616 2448 libellis
643 2373 858 2472 exposuerit
883 2373 1035 2462 Critias,
1071 2395 1120 2445 an
1152 2372 1277 2446 oblata
1308 2373 1523 2470 ubicunque
1556 2384 1731 2468 opportu·
1807 2381 1839 2462 ,ἴ

203 2495 335 2584 nitate,
359 2493 565 2583 nescimus,
593 2494 736 2568 dehoc
762 2508 905 2569 tantum
931 2495 1107 2567 certiores
1132 2491 1222 2564 facti
1247 2493 1294 2565 eh
1319 2493 1527 2566 Aristotelis
1552 2479 1730 2588 interprel

203 2613 326 2704 tibus,
364 2613 530 2711 priorem
561 2615 730 2687 notitiam
764 2616 911 2712 poetico
938 2614 1062 2710 aliquo
1089 2612 1227 2710 scripto
1263 2635 1344 2686 esse
1368 2612 1612 2708 desumptam.
1671 2608 1731 2683 Ad

202 2735 277 2814 hoc
305 2746 428 2806 autem
454 2755 573 2830 genus
598 2733 814 2808 referendus
842 2746 899 2808 est
920 2733 1016 2806 liber
1040 2733 1088 2804 de
1111 2747 1259 2809 natura
1282 2733 1446 2820 amorra,
1478 2731 1560 2804 sace
1586 2731 1634 2803 de
1656 2731 1730 2802 vir·

204 2855 372 2942 tutibus,
398 2853 505 2947 cujus
521 2850 682 2928 Galenus
703 2853 792 2926 facit
809 2853 1033 2928 mentionem
1047 2845 1094 2925 ⁵⁸.
1142 2855 1183 2927 ln
1208 2852 1379 2948 Dionysii
1390 2850 1728 2924 Halicarnassensis

202 2976 286 3050 loco
300 2955 347 3064 5a,
371 2972 439 3046 ubi
455 2973 598 3046 nullum
625 2977 842 3072 scriptorem
869 2995 1019 3063 eorum,
1045 2973 1110 3070 qui
1134 2973 1232 3046 circa
1257 2967 1607 3069 Peloponnesiacum
1632 2969 1731 3042 vixe-

203 3095 278 3169 rint
312 3090 471 3182 bellum,
511 3114 557 3165 eo
587 3115 759 3198 sermone
786 3115 897 3166 usum
932 3116 1013 3171 esee
1041 3094 1148 3184 dicit,
1187 3083 1263 3192 quo
1288 3087 1524 3187 Thucydides
1551 3087 1600 3161 sit
1623 3109 1729 3178 usus,

203 3237 326 3314 neque
354 3227 563 3304 oratorum,
599 3215 728 3312 quales
754 3213 894 3287 fuerint
917 3213 1146 3305 Andocides,
1184 3212 1393 3310 Antiphon,
1421 3207 1576 3305 Lysias,
1608 3232 1729 3308 nequa

204 3333 497 3423 Socraticorum,
530 3335 658 3432 quales
685 3335 837 3424 Critias,
873 3332 1111 3406 Antisthenes
1139 3346 1176 3408 et
1200 3332 1430 3430 Xenophon,
1472 3347 1567 3429 quae
1592 3331 1731 3428 scripta
1846 3417 1848 3422 Ι

205 3454 341 3530 Critiae
366 3455 593 3546 indicentur,
626 3479 702 3530 non
726 3456 853 3554 liquet.
879 3519 886 3523 .

202 3733 249 3794 cit
284 3604 432 3804 {llll}
463 3651 660 3737 Xenophon,
683 3651 763 3754 'Atia
786 3674 838 3736 gr.
860 3655 901 3728 ll,
927 3659 956 3726 4,
981 3670 1028 3734 ra
1071 3653 1123 3715 De
1152 3663 1257 3715 morte
1287 3647 1424 3712 hominis
1452 3647 1515 3716 vid.
1543 3647 1726 3713 Philostrat.
1779 3773 1783 3780 .

285 3838 343 3922 58)
364 3840 478 3937 Lancia
502 3841 653 3923 Hippoer.
674 3860 705 3903 v.
728 3837 886 3924 δυσανίης.
930 3838 1026 3929 Quod
1047 3838 1073 3900 si
1092 3837 1132 3902 ad
1153 3837 1386 3902 similitudinem
1414 3837 1484 3920 ejus
1504 3837 1644 3914 rationis,
1667 3859 1729 3925 qua

199 3941 245 4008 'de
266 3944 368 4009 anima
388 3945 531 4010 versibus
551 3943 722 4027 disputarit
746 3942 867 4018 Critias,
890 3944 1106 4024 conjecturam
1133 3941 1214 4006 inire
1241 3946 1367 4021 liceret,
1398 3943 1492 4005 etiam
1513 3943 1596 4005 hunc
1612 3941 1730 4008 librum

202 4049 357 4134 rhythmis
376 4063 564 4135 conceptum
585 4070 653 4112 esse
674 4067 847 4130 censerem,
870 4046 972 4134 adque
999 4067 1070 4111 eum
1098 4048 1252 4112 referrem
1274 4045 1470 4112 suavissimos
1497 4048 1570 4112 illos
1591 4048 1623 4112 in
1644 4049 1722 4116 Ana·

202 4169 365 4218 creontem
384 4175 502 4240 versus,
523 4177 601 4241 quos
621 4155 820 4220 conservavit
837 4155 1029 4232 Athenaeus,
1050 4157 1133 4228 xnr,
1155 4173 1229 4237 pag.
1250 4155 1321 4219 tor.
1343 4151 1373 4214 d
1458 4179 1463 4188 ·

287 4259 344 4345 59)
366 4255 466 4325 lodo.
487 4262 526 4324 de
551 4259 695 4344 Thucyd.
717 4263 768 4342 51,
790 4264 880 4326 Tom.
903 4263 958 4338 Vl,
981 4280 1052 4344 pag.
1076 4267 1148 4343 qll-
1170 4257 1219 4321 ed.
1243 4257 1369 4322 lleislrc.
