4128 5918
1040 419 1130 474 ,20

1024 509 1177 546 u-

339 646 564 742 minimeque
588 639 795 718 inhonestis
822 639 1096 716 conditionibus
1123 665 1205 718 sese
1232 642 1513 718 conciliatumm
1536 624 1743 744 pollicitus,
1782 645 1865 745 ipse

341 765 521 840 suasisset
544 761 736 853 hostibus,
759 774 824 852 ut,
856 761 929 838 nisi
943 759 1076 836 dirutis
1100 763 1315 852 moenibus,
1348 763 1551 837 clarissimo
1576 763 1639 838 illo
1662 764 1866 840 'ibernisto-

341 885 406 960 elis
428 906 472 956 ac
485 881 648 957 Cimonis
666 903 799 979 opere,
828 881 1031 978 eversaque
1045 881 1204 977 pristina
1229 881 1387 958 civitatis
1404 882 1650 974 institutione,
1673 883 1767 958 nihil
1782 905 1867 958 con·

339 989 511 1078 cederent
522 999 824 1088 Atheniensibus,
848 999 966 1096 probe
990 998 1220 1096 intelligens,
1252 1023 1293 1074 se
1309 1024 1384 1074 non
1410 1002 1483 1076 nisi
1505 1002 1661 1101 spoliata
1677 1004 1800 1100 petria
1820 1025 1867 1078 ae

337 1122 509 1196 manibus
535 1120 699 1194 hostiurn
723 1121 905 1216 permissa
930 1139 1065 1214 operae
1088 1119 1250 1216 pretium
1263 1121 1425 1194 latumm
1440 1144 1550 1218 suae;
1576 1121 1748 1198 adactum
1766 1121 1868 1195 deni·

338 1266 412 1342 que
436 1243 477 1315 in
502 1239 680 1316 concione
693 1237 877 1335 Lysandri
902 1236 1014 1312 armis
1032 1238 1258 1312 circumdata
1273 1240 1474 1336 populum,
1509 1255 1553 1314 ut
1567 1241 1721 1338 triginta
1742 1254 1867 1336 tyran·

338 1375 473 1437 norum
504 1361 545 1433 in
570 1383 611 1435 se
635 1358 766 1456 jugum
794 1359 1018 1454 susciperer,
1056 1381 1132 1454 qua
1157 1359 1372 1451 occasione,
1411 1385 1527 1459 quum
1564 1360 1729 1435 dolorem
1754 1367 1866 1434 suum

337 1481 705 1580 indignationemque
725 1500 801 1552 non
823 1477 1027 1552 contineret
1049 1476 1269 1568 multitudo,
1300 1477 1620 1574 impudentissime
1644 1480 1798 1570 dixerit,
1824 1501 1865 1556 se

337 1602 431 1678 nihil
459 1621 590 1675 curare
614 1597 814 1672 tumultum
848 1597 1057 1693 concionis3
1100 1619 1213 1673 nosse
1249 1597 1346 1672 enim
1372 1621 1413 1672 se
1436 1599 1572 1675 multos
1599 1600 1698 1674 cives
1735 1590 1865 1674 cadem

338 1721 557 1810 sentientes,
603 1731 717 1815 etque
748 1715 801 1789 in
839 1716 987 1815 placere
1019 1715 1213 1812 Lysandro
1251 1740 1294 1792 ac
1327 1717 1629 1793 Lacedaemoniis
1648 1718 1724 1788 55.·
1761 1720 1865 1814 Quae

310 1917 313 1924 ,
335 1840 550 1936 Xenophon
583 1849 726 1912 tantum
756 1837 881 1930 abest,
918 1850 962 1910 ut
991 1837 1031 1910 in
1058 1859 1127 1912 sua
1152 1837 1232 1933 ejus
1263 1837 1439 1934 temporis
1466 1827 1591 1912 rerum
1615 1838 1865 1936 descriptione

205 2003 212 2012 ·
337 1961 450 2036 leniat
475 1957 744 2058 quadamtenus
769 1955 956 2031 narrando
982 1967 1020 2028 et
1044 1955 1153 2054 quasi
1178 1955 1392 2054 benigniori
1417 1955 1578 2053 quedam
1602 1958 1686 2032 luce
1711 1959 1866 2032 circum·

336 2078 486 2170 fundm,
527 2091 570 2156 ut
593 2077 719 2175 potius
743 2077 960 2151 corroboret
991 2088 1102 2172 atque
1136 2076 1337 2150 confirmet
1401 2076 1497 2149 Nam
1528 2089 1565 2150 et
1598 2077 1865 2176 Thermpenem

335 2200 570 2298 potissimum
596 2197 785 2274 studuisse
809 2195 999 2293 perbibet,
1031 2210 1074 2270 ut
1097 2195 1410 2270 immerentissimi
1434 2194 1548 2271 duces
1568 2195 1863 2292 Atheniensium,
1887 2219 1892 2228 ·

337 2319 403 2417 qui
426 2317 606 2396 illustrem
632 2316 680 2390 ad
703 2317 909 2414 Arginusas
934 2316 1077 2390 insulas
1109 2317 1303 2390 victoriam
1334 2327 1605 2413 reportassent,
1650 2319 1769 2415 capite
1791 2319 1865 2416 ple·

320 2449 524 2514 ¹cterentur
537 2435 591 2526 ⁵⁵,
619 2447 656 2508 et
680 2446 756 2508 tres
781 2435 947 2530 integros
970 2457 1117 2512 menses
1138 2459 1260 2532 quum
1283 2434 1523 2510 obsideretur
1550 2439 1678 2514 urbs'
1666 2464 1706 2513 ιιι
1731 2441 1865 2514 castris

335 2549 519 2654 Lysandri
544 2577 629 2629 eum
653 2553 823 2628 consulto
850 2555 1077 2652 transegisse
1110 2567 1309 2644 memorat,
1350 2555 1506 2630 donec
1494 2558 1623 2655 mopia
1647 2559 1793 2634 consilii
1819 2581 1864 2634 ec

336 2677 433 2752 fame
447 2698 568 2772 preest
557 2672 832 2764 Athensenses,
847 2695 1092 2772 quaeeunque
1106 2675 1210 2773 pacis
1226 2659 1411 2748 ferrentur
1426 2674 1541 2774 leges,
1563 2657 1796 2778 admitterent
1811 2681 1863 2777 ⁵⁵3

336 2796 498 2874 utfacile
523 2793 750 2892 colligas,
721 2818 753 2868 ιι
775 2792 1060 2868 moderatiorem
1085 2817 1125 2870 se
1142 2794 1181 2866 in
1202 2792 1539 2894 principatumque
1566 2798 1769 2872 cautiorem
1783 2800 1864 2873 reli·

337 2917 422 3016 qttis
445 2917 691 2991 Themmenes
715 2912 957 3010 praestiterit,
982 2937 1058 2988 non
1082 2913 1240 2988 bonitati
1260 2913 1418 3007 idaeae,
1443 2915 1509 2988 sed
1525 2915 1715 2991 calliditati
1734 2918 1863 3016 potius

337 3049 375 3113 et
402 3033 677 3112 ratiocinationi
702 3023 953 3106 tribuendum.

401 3199 406 3210 ·
432 3155 513 3233 Xll.
537 3155 606 3228 Hic
631 3177 747 3252 quum
772 3152 931 3227 bibisset
956 3151 1135 3242 cicutam,
1174 3153 1364 3252 reliquum*
1382 3173 1519 3250 graeco
1543 3153 1641 3229 inter
1657 3157 1862 3253 potandum

334 3297 439 3350 more
463 3270 789 3365 ἂπεκοπάβιζει,
813 3274 838 3348 i.
854 3295 886 3346 e.
910 3271 1002 3346 itae
1026 3272 1163 3368 poculo
1190 3272 1314 3368 ejecit,
1339 3285 1382 3346 ut
1405 3287 1616 3368 resonaret,
1643 3302 1718 3375 quo
1736 3279 1863 3370 sonitu

317 3394 481 3470 ¹reddito
508 3393 695 3486 arridens,
717 3393 901 3490 propino,
926 3392 1066 3489 inquit,
1090 3391 1168 3464 hoc
1179 3392 1349 3489 pulchro
1367 3391 1516 3468 Critiae
1531 3391 1577 3468 ⁵⁵.
1625 3399 1756 3496 quue
1776 3399 1864 3473 lusu

337 3517 392 3606 ei,
425 3515 493 3612 qui
513 3535 695 3588 venenum
718 3513 964 3614 praebuerat,
993 3525 1151 3586 mortem
1176 3525 1233 3588 est
1257 3526 1483 3612 auguratus3
1526 3537 1623 3615 quae
1648 3518 1754 3593 brevi
1781 3543 1865 3594 con·

417 3774 476 3857 53)
497 3774 613 3856 Lysias,
632 3774 708 3839 adu.
730 3775 893 3840 Eratostlt
909 3787 968 3838 nr.

420 3879 951 3965 54)Histgr.„.174.0fll‚
974 3882 1005 3957 3,
1026 3883 1079 3952 32.

419 3989 478 4068 55)
502 3987 767 4068 Hiet.gr‚11,n,
792 3987 840 4054 ιό.
863 4005 930 4072 sqq.

355 4093 475 4172 56)
496 4089 570 4160 vid
593 4091 775 4175 Xenophon
806 4089 877 4156 hist.
902 4113 954 4175 gr
976 4096 1017 4169 11,
1043 4095 1147 4170 Me.
1179 4107 1212 4158 et
1239 4091 1283 4156 ef.
1315 4089 1428 4158 Cicero
1464 4090 1587 4158 Tuscul.
1613 4093 1742 4189 Quaere.
1765 4101 1849 4174 l‚o
1809 4107 1860 4172 lto.

336 4197 425 4282 eujus
449 4195 548 4260 verba
569 4197 791 4281 excerpsimus.
833 4197 939 4265 Verba
968 4215 1082 4284 gmeoa
1107 4209 1198 4264 sunta
1232 4203 1348 4285 Κριτίᾳ
1376 4200 1462 4266 τοῦτ’
1489 4200 1568 4268 ἔστω
1601 4199 1648 4283 τῷ
1660 4199 1808 4298 scidi.
1831 4221 1860 4264 e.

337 4299 462 4382 amasio,
483 4298 615 4364 ironice.
