4196 5782
1124 381 1168 453 rs

381 637 479 710 enim
505 632 676 707 Socrates
710 629 871 705 ostendit
902 652 943 704 se
971 627 1118 726 legibus
1144 641 1317 725 paratum
1344 651 1426 702 esse
1459 650 1601 704 morem
1636 653 1790 728 gerere,
1836 655 1912 703 mo·
1956 616 1959 624 ’

380 757 429 830 do
455 751 494 828 id
519 752 591 830 sibi
617 750 877 836 concederent,
899 761 960 836 ut,
983 746 1023 820 in
1045 748 1182 844 quibus
1203 769 1339 843 parum
1358 748 1506 822 illarum
1533 770 1666 826 sensus
1693 750 1765 825 sibi
1796 751 1911 847 lique·

382 888 457 963 ret,
505 883 701 970 quaereret
732 869 780 942 ab
802 867 926 965 ipsis,
951 865 1183 964 ‘ejusque-ei
1206 865 1307 941 tacta
1328 881 1504 966 potestas
1536 882 1610 960 est,
1653 871 1746 959 hoc,
1779 871 1911 967 inquit,
1966 957 1975 982 ι

380 993 578 1091 perspicue
603 1014 627 1063 a
657 989 764 1063 vobis
798 987 1022 1084 explicatum
1054 987 1182 1075 velim,
1219 1000 1347 1060 utrum
1370 986 1501 1076 iniis,
1535 1011 1633 1084 quae
1667 1001 1766 1061 recte
1792 990 1913 1061 diean-
1971 987 1974 994 '

381 1127 462 1203 tur,
505 1124 622 1184 artem
647 1131 730 1183 esse
755 1104 901 1180 dicendi
936 1105 1116 1180 censeatis
1151 1121 1188 1180 et
1214 1127 1295 1178 eam
1322 1106 1375 1179 ita
1405 1109 1572 1180 exerceri
1605 1109 1752 1198 nolitis,
1793 1131 1855 1180 an·
1872 1111 1911 1182 in

382 1232 446 1319 iis,
487 1251 584 1328 quae
608 1251 733 1327 prave.
797 1227 892 1299 Nam
924 1225 1019 1298 siin
1043 1225 1110 1313 iis,
1146 1249 1243 1322 quae
1269 1240 1390 1316 recte,
1423 1228 1581 1302 dubium
1606 1250 1682 1302 non
1708 1241 1784 1318 est,
1820 1229 1912 1326 quin

382 1362 530 1422 erecte
554 1347 712 1422 dicendo
737 1333 998 1418 abstinendum
1023 1347 1089 1418 sit:
1129 1343 1188 1418 sin
1211 1367 1301 1418 vero
1327 1345 1366 1418 in
1391 1346 1457 1434 iis,
1497 1371 1595 1445 quae
1619 1371 1756 1445 prave,
1800 1335 1913 1422 mani·

381 1469 537 1558 festum,
553 1479 613 1548 ,ut
638 1478 737 1540 reete
763 1464 927 1554 dicatur,
957 1463 1150 1538 nitendum
1176 1487 1269 1538 esse.
1329 1465 1473 1559 Quibus
1499 1467 1749 1564 argumentis,
1782 1492 1912 1564 quum,

384 1588 488 1686 quod
513 1589 677 1668 veritatis
704 1585 853 1685 pondus
878 1597 953 1676 est,
984 1583 1079 1656 nihil
1105 1606 1334 1682 magnopere
1360 1585 1441 1656 sani
1465 1586 1665 1675 baberent,
1697 1588 1801 1690 quod
1823 1586 1913 1682 obji-

386 1721 530 1798 cerent,
564 1718 825 1803 exasperatus,
856 1717 900 1802 ut
925 1707 982 1794 fit,
1008 1704 1201 1779 iracundia
1224 1704 1430 1792 Charicles,
1461 1705 1639 1802 quoniam
1669 1707 1822 1802 ignoras
1850 1733 1913 1780 no·

386 1841 502 1902 stram
527 1826 767 1915 sententiam,
795 1824 1006 1922 respondit,
1032 1825 1124 1898 haec
1149 1825 1218 1898 tibi
1242 1824 1429 1898 intellectu
1454 1825 1623 1900 faciliora
1647 1824 1845 1918 edicimus,
1870 1842 1914 1902 ut

386 1946 685 2021 adolescentibus
712 1945 864 2020 omnino
889 1967 965 2018 non
991 1945 1227 2041 colloquaris.
1285 1944 1345 2017 Ad·
1368 1969 1464 2042 quae
1491 1944 1685 2035 Socrates,
1724 1969 1771 2018 ne
1797 1948 1914 2046 igitur

384 2069 423 2139 in
449 2065 626 2162 ambiguo
653 2063 744 2154 sim,
767 2086 814 2136 an
840 2089 917 2138 non
935 2064 1036 2137 aliud
1050 2065 1142 2161 quid
1156 2065 1291 2137 faciam
1314 2089 1357 2137 ac
1375 2064 1648 2162 praescriptum
1665 2079 1738 2155 est,
1765 2067 1917 2141 definite

383 2185 495 2274 mihi,
531 2185 579 2257 ad
603 2197 762 2282 quotum
785 2185 917 2258 aetatis
942 2207 1081 2258 annum
1107 2173 1377 2259 adolescentem
1402 2185 1562 2282 aliquem
1595 2184 1734 2258 habere
1758 2187 1914 2261 deceat?

385 2306 453 2379 Cui
480 2327 663 2402 reponens
684 2304 890 2394 Charicles,
915 2318 1113 2401 antequam
1139 2305 1362 2393 senatoriam
1378 2318 1537 2378 aetatem
1553 2303 1759 2402 attigisset,
1784 2331 1914 2380 unum
1998 2293 2006 2305 ’

295 2517 296 2524 ¹
384 2447 570 2522 quemque
597 2425 866 2498 adolescentem
901 2422 1115 2496 habendum
1140 2411 1222 2498 ess'e
1248 2424 1360 2513 dixit,
1400 2447 1560 2522 cumque
1586 2425 1633 2499 iis
1660 2426 1726 2521 qui
1749 2427 1914 2502 minores

385 2557 509 2620 essent
548 2544 706 2641 triginta
744 2544 853 2618 annis
898 2543 1204 2616 consuetudinem
1254 2543 1482 2618 intercedere
1523 2545 1660 2618 debere
1702 2547 1850 2643 negavit
1866 2555 1913 2618 ¹⁵⁷.

383 2666 512 2763 ltaque
541 2687 668 2762 neque
697 2665 929 2762 interrogare
960 2663 1104 2751 licebit,
1145 2685 1261 2760 quum
1287 2687 1409 2738 emere
1444 2663 1585 2761 aliquid
1616 2665 1768 2738 libuerit
1798 2667 1913 2763 idque

332 2830 335 2834 -
373 2785 507 2856 minor
527 2783 635 2858 annis
660 2783 814 2881 triginta
837 2781 991 2872 vendat,
1017 2784 1147 2880 quarrti
1172 2783 1335 2857 vendat?
1366 2787 1445 2858 Hoc
1471 2808 1560 2860 vero
1585 2785 1688 2874 lieet,
1721 2787 1915 2882 respondit
2048 2843 2053 2856 ,

303 2925 305 2929 ’
386 2903 591 2998 Charicles3
626 2915 670 2976 tu
693 2915 818 2976 autem
844 2903 1049 2992 consuesti,
1084 2903 1273 2993 Socrates,
1313 2904 1481 3000 quamtis
1509 2906 1623 2994 scias,
1643 2906 1845 3002 quomodo
1873 2928 1914 2980 se

369 3019 527 3121 'aliquid
551 3021 706 3112 lrabeat,
731 3023 952 3121 plerumque
971 3037 1095 3096 tamen
1109 3046 1307 3120 quaerere,
1334 3023 1436 3120 quod
1453 3024 1493 3098 in
1513 3037 1705 3121 posterum
1725 3048 1771 3096 ne
1785 3026 1912 3100 facias.

385 3145 517 3240 Neque
546 3143 657 3216 stiam
682 3143 930 3241 respondebo,
955 3143 988 3216 si
1013 3166 1072 3215 me
1098 3142 1312 3220 adolescens
1333 3145 1617 3243 interrogaverit
1632 3145 1787 3241 aliquis,
1808 3148 1915 3242 quod

386 3263 522 3350 sciam,
546 3263 650 3336 verbi
674 3285 808 3336 caussa
835 3262 1021 3337 Charicles
1046 3262 1113 3334 ubi
1138 3262 1300 3352 habitet,
1325 3276 1389 3337 aut
1413 3254 1575 3339 Critias?
1608 3268 1707 3336 Haec
1725 3289 1833 3354 sane,
1862 3268 1915 3338 in·

387 3381 497 3478 quit,
515 3382 771 3478 respondebis.
833 3383 965 3458 Critias
991 3397 1134 3472 autern,
1160 3383 1208 3456 ab
1233 3382 1305 3458 illis
1328 3409 1436 3476 vero,
1472 3384 1630 3473 addidit,
1664 3409 1749 3456 curn
1774 3387 1914 3483 quibus

386 3501 527 3577 versari
559 3502 675 3592 soles,
708 3487 874 3578 coriariis
901 3515 938 3575 et
962 3503 1098 3592 fabris,
1128 3503 1237 3600 plane
1263 3506 1525 3580 abstinendum
1554 3507 1623 3579 tihi
1649 3505 1738 3602 erit3
1783 3529 1916 3578 eorum

387 3623 485 3694 enim
510 3621 585 3695 tuis
612 3623 845 3699 sermonibus
872 3636 908 3695 et
932 3623 1296 3697 confabulationibus
1327 3639 1487 3700 mentem
1522 3627 1569 3700 ad
1606 3627 1677 3699 alia
1704 3627 1828 3699 omnia
1853 3629 1917 3698 ab

388 3741 476 3814 duci
500 3755 605 3836 puto.
1710 3737 1715 3748 '

487 3864 550 3932 Xl.
578 3865 676 3935 llaec
693 3863 843 3961 quidem
858 3863 1080 3961 Xenophon.
1119 3863 1226 3960 Quod
1248 3886 1333 3936 eum
1348 3881 1471 3940 autem
1488 3868 1687 3957 hominem,
1713 3869 1778 3964 qui
1797 3891 1917 3964 quum
1950 3891 1953 3900 ⁴

389 3999 538 4074 pacem,
572 3983 799 4080 splendidam
815 3994 817 3998 ’
831 3985 1021 4080 Spartanis
1054 3983 1244 4074 hostibus,
1279 3986 1567 4082 ignominiosam
1591 3990 1753 4086 patriae,
1795 3989 1918 4062 confe-

482 4197 540 4278 47)
563 4203 743 4279 Deserere,
766 4225 828 4289 qua
848 4205 978 4267 omniuo
1000 4205 1040 4266 ad
1069 4204 1297 4286 rempublicam
1318 4207 1439 4280 licebat
1465 4209 1626 4284 accedere,
1651 4210 1714 4294 egit
1736 4209 1918 4270 Schiimann

390 4303 430 4387 u
452 4300 560 4364 ΟΜ·
585 4306 763 4369 Atlanteas.
787 4329 858 4394 ras·
880 4311 931 4390 7⁶·
950 4329 1018 4393 sss·
1037 4329 1108 4392 aas·
1122 4313 1205 4388 ,ποῦ’
1227 4331 1295 4398 sns-
1384 4343 1390 4354 ·
