4128 5918
1131 351 1173 422 ¹7

924 489 930 500 υ
1072 443 1228 482 m

382 575 458 652 bus
484 573 651 673 insignes
684 588 810 673 partes
842 575 960 652 luisse
991 573 1228 650 verissimum
1259 586 1326 649 est.
1391 575 1494 669 Quae
1528 585 1651 648 tamen
1683 575 1852 650 facinora

384 694 582 771 notissima
606 707 694 770 sunt
719 707 756 768 et
779 695 876 772 nihil
899 695 1099 770 admodum
1124 695 1163 768 in
1189 717 1231 770 se
1255 694 1478 769 diversitatis
1503 693 1660 784 habent,
1696 708 1742 770 ut
1766 696 1861 794 singt

384 815 558 890 retulisse
582 813 744 912 pretium
771 835 854 890 esee
879 836 1015 913 operae
1051 813 1182 912 possit.
1244 815 1339 888 Nam
1371 835 1488 912 quum
1517 813 1680 909 primum
1712 814 1761 888 ad
1790 835 1861 916 opp

384 933 541 1011 mendas
565 935 706 1033 probos
733 933 832 1010 cives
858 934 1024 1007 animum
1048 932 1300 1024 induxissent,
1337 929 1532 1028 Lysandro
1558 950 1843 1028 persuaserunt,

385 1052 615 1152 praesidium
640 1052 712 1128 sibi
726 1052 1104 1126 Lacedaemoniorum
1122 1053 1294 1146 mitteret,
1327 1076 1404 1150 quo
1425 1052 1526 1124 omni
1551 1053 1721 1152 deposita
1747 1077 1837 1130 cura

387 1172 516 1250 stituta
539 1171 601 1246 via
617 1184 893 1270 grassarentur,
921 1171 1076 1271 ejusque
1100 1173 1278 1271 praesidii
1294 1171 1489 1245 Gallibiurn
1508 1172 1660 1266 ducem,
1687 1198 1764 1273 quo
1788 1175 1862 1248 min

385 1293 556 1390 ipsorum
580 1313 622 1365 se
651 1291 764 1376 rebus
790 1291 1032 1384 immisceret,
1073 1293 1206 1367 oblatis
1244 1291 1464 1366 muneribus
1498 1290 1686 1390 lautisque
1721 1317 1862 1392 appara

388 1405 568 1485 conviviis
592 1411 700 1484 facile
726 1409 962 1486 adduxerunt
976 1416 1042 1484 lu.-
1070 1409 1213 1485 Deinde
1236 1409 1363 1508 partiti
1390 1423 1477 1484 sunt
1503 1409 1600 1484 inter
1625 1433 1665 1486 se
1691 1413 1861 1490 atrocissi

387 1529 558 1604 homines
592 1529 759 1627 singulas
798 1529 1075 1626 opulentiorum
1116 1529 1252 1603 civium
1282 1529 1443 1622 domos,
1488 1541 1532 1604 ut
1567 1553 1684 1627 quum
1719 1531 1862 1630 improb

389 1647 485 1724 sima
525 1648 579 1723 eis
620 1649 867 1744 objecissent,
926 1649 1067 1722 necatis
1103 1648 1278 1728 dominis,
1303 1647 1406 1722 bona
1441 1649 1520 1746 ipsiv
1552 1646 1625 1724 sibi
1666 1649 1862 1724 vindicaret

387 1770 429 1842 in
461 1791 537 1868 quo
569 1791 617 1842 ne
651 1768 826 1842 avaritiae
865 1767 999 1842 caussa
1038 1791 1100 1844 eas
1138 1781 1282 1868 strages
1314 1767 1423 1843 edere
1461 1769 1695 1862 viderentur,
1738 1771 1862 1846 divitib

388 1888 557 1964 honestis
582 1889 836 1988 compluribus
861 1911 1043 1986 pauperes
1069 1889 1211 1990 aliquot
1242 1909 1450 1985 parumque
1474 1890 1661 1966 venientes
1686 1892 1726 1964 in
1749 1915 1862 1968 censu

388 2021 434 2084 ut
458 2031 534 2084 una
557 2010 868 2100 interficerentur,
906 2008 1108 2083 reducendi
1128 2005 1318 2106 popularis
1342 2007 1488 2104 imperii
1501 2009 1667 2082 ¹consilia
1691 2010 1863 2108 exprobra

388 2142 447 2204 tes
475 2129 573 2203 soliti
599 2141 686 2206 sunt
711 2129 870 2225 adjicere
884 2131 930 2202 4⁵.
996 2128 1235 2202 Latissimum
1258 2137 1392 2222 ⁸autem
1422 2138 1503 2201 tum
1538 2129 1718 2227 temporis
1743 2154 1863 2229 campa

388 2249 556 2348 patuisse
581 2247 826 2338 delatoribus,
867 2246 1110 2347 spurcissimo
1136 2245 1264 2344 generi
1295 2245 1510 2339 hominum,
1549 2251 1733 2328 sexcentis
1758 2251 1850 2330 locis

393 2365 564 2445 oratione
587 2391 656 2444 sua
680 2367 859 2444 adversus
883 2371 1091 2467 Agoratum
1115 2365 1291 2441 indicarit
1315 2366 1458 2462 Lysias.

490 2492 539 2564 X.
560 2491 663 2564 Nihil
687 2501 812 2564 autem
830 2488 1011 2563 memoria
1028 2487 1178 2587 dignius
1196 2485 1347 2562 erebus
1368 2489 1483 2585 gestis
1501 2487 1637 2564 Critiae
1657 2491 1863 2568 videbituri

330 2609 337 2616 “
390 2611 458 2710 qui
476 2611 570 2685 scire
597 2611 754 2708 cupiunt
773 2631 870 2708 quae
894 2608 943 2681 ad
963 2605 1277 2705 comprimendam
1292 2607 1502 2684 animorum
1519 2607 1728 2684 libertatem
1746 2635 1863 2688 coerct

390 2731 555 2829 duraque
573 2753 796 2829 generosum
813 2741 956 2804 motum
981 2727 1218 2824 ingeniorum
1240 2725 1333 2800 inita
1349 2750 1499 2826 quaque
1515 2740 1634 2804 aetate
1660 2731 1814 2806 consilia
1828 2756 1863 2808 st

391 2873 416 2923 a
434 2851 591 2926 funestis
614 2851 685 2926 illis
711 2849 858 2954 generis
880 2847 1034 2922 humani
1061 2845 1256 2938 osoribus,
1291 2869 1388 2946 quos
1415 2848 1505 2922 scite
1531 2850 1755 2926 nostratium
1779 2852 1863 2952 aliqt

391 2982 587 3068 poetarum
606 2971 782 3072 flagella
805 2970 1011 3045 nationum
1037 2965 1251 3075 appellarit,
1276 2969 1403 3066 'mam
1430 2969 1666 3043 interdictum
1689 2969 1799 3064 illud,
1838 2997 1864 3070 q

391 3088 540 3164 dicendi
565 3104 683 3166 artem
718 3089 845 3193 doceri
878 3089 1005 3166 vende
1068 3087 1268 3186 Spectabat
1301 3087 1349 3161 ad
1382 3088 1572 3162 Socratem
1604 3110 1649 3160 ea
1679 3087 1760 3182 lex,
1801 3114 1864 3190 qut

390 3211 472 3310 ipse
497 3212 667 3310 impurus
692 3211 806 3284 homo
821 3209 901 3306 ejus
919 3208 974 3282 rei
986 3207 1207 3306 magistrum
1221 3207 1415 3285 habuerat.
1463 3211 1559 3284 Nam
1573 3232 1691 3308 quum
1712 3209 1864 3309 sapient«

390 3331 495 3406 illurn
521 3331 653 3408 Critias
685 3345 723 3406 et
757 3329 945 3406 Charicles
977 3327 1206 3404 audivissent
1236 3327 1391 3427 triginta
1419 3331 1608 3404 sociorum
1640 3330 1680 3404 in
1711 3330 1864 3428 plectant

394 3450 537 3526 civibus
571 3451 810 3528 acerbitatem
842 3449 1112 3548 improbasse,
1139 3450 1318 3526 arcessito
1351 3449 1473 3548 legem
1505 3461 1762 3549 opposuerunt
1795 3450 1864 3524 ado

394 3573 651 3671 scentiumque
682 3569 878 3670 colloquiis
911 3569 1063 3644 omrdno
1092 3568 1283 3667 jusserunt
1306 3569 1504 3646 abstinere.
1569 3567 1683 3666 Cujus
1711 3569 1767 3643 rei
1787 3569 1864 3665 juct

395 3691 549 3768 dissime
579 3691 655 3784 eet,
686 3713 784 3791 quae
822 3687 924 3792 apud
946 3688 1236 3789 Xenophontem
1251 3689 1288 3754 4⁶
1322 3704 1443 3769 exstat
1473 3691 1651 3768 narratio.
1715 3691 1864 3789 Postque

476 3932 533 4014 aa)
554 3925 851 4016 Vid'xenophont.
872 3930 944 3996 list.
968 3952 1020 4015 gr.
1043 3933 1096 4011 111,
1118 3933 1149 4007 3,
1175 3933 1223 4002 ra.
1244 3931 1604 4019 seq.Diodor.X1V‚ln
1629 3929 1864 4002 DeCallibioP

392 4037 493 4103 tarch.
514 4039 570 4101 cit.
592 4039 675 4120 Lys.
693 4057 768 4123 pag.
790 4046 863 4112 drit-
1283 4045 1289 4052 '

478 4148 535 4220 45)
555 4141 628 4211 vid
651 4142 758 4227 Lysias
777 4141 851 4205 ado.
874 4139 1038 4204 Eratostla
1062 4162 1091 4205 a.
1114 4159 1182 4230 sqq.

480 4253 536 4328 46)
554 4248 754 4314 Memorattt
778 4249 867 4312 Socr.
889 4251 914 4334 1,
938 4271 967 4324 e,
989 4252 1039 4335 3¹·
1062 4267 1130 4333 sqq.
