4128 5918
191 1675 334 1842 Quod
365 1738 403 1811 in
428 1739 555 1813 multia
581 1715 733 1812 illustris
766 1733 965 1809 memoriae
991 1731 1210 1838 moltalibus
1235 1734 1416 1812 accidisse
1442 1731 1629 1840 videmur,
1666 1754 1709 1812 ut
1769 1763 1771 1766 ·

188 1851 228 1924 in
253 1877 329 1928 uno
352 1857 521 1947 homine,
563 1877 660 1956 quae
689 1857 849 1928 maxime
880 1853 1025 1930 diversa
1060 1867 1164 1944 sunt,
1190 1855 1382 1929 'virtutum
1417 1857 1592 1954 splendor
1624 1835 1709 1932 cum

188 1973 418 2070 turpitudine
454 1976 644 2051 vitiorum·
662 1966 970 2072 conjungeretur,
1008 1973 1148 2047 factum
1182 1987 1239 2060 est
1271 1973 1310 2046 in
1333 1974 1550 2048 Atheniensi
1585 1979 1708 2052 Critia.

187 2096 237 2164 At
260 2117 374 2186 quum
399 2097 515 2170 multa
539 2109 682 2186 essent,
720 2094 881 2192 quaein
906 2084 1086 2189 ejusmodi
1111 2116 1290 2190 persona,
1316 2093 1366 2194 ¹in
1391 2093 1563 2168 maximis
1589 2098 1710 2172 claris·

189 2195 305 2284 simae
337 2215 495 2291 civitatis
527 2217 641 2292 rebus
673 2215 902 2312 aliquantum
925 2213 1103 2308 temporis
1130 2201 1295 2302 versata,
1318 2213 1568 2302 litteratorum
1592 2215 1710 2291 homi·

142 2356 151 2428 '.
188 2353 278 2412 num
312 2333 501 2408 advertere
534 2335 677 2410 animos
710 2333 906 2421 deberent,
945 2354 1054 2404 nemo
1081 2332 1204 2406 adhuc
1228 2333 1401 2407 inventus
1427 2348 1500 2423 est,
1545 2335 1611 2434 qui
1634 2352 1710 2412 tam

188 2448 343 2524 uberem
366 2451 498 2528 doctae
523 2453 817 2554 investigationis
836 2450 1028 2554 materiam
1054 2452 1263 2549 attingeret.
1321 2453 1452 2550 Neque
1478 2454 1516 2528 id
1537 2479 1622 2530 care
1641 2472 1710 2531 tra·

188 2567 290 2651 tione
321 2593 401 2644 sua.
468 2576 524 2648 De
555 2575 661 2670 cujus
697 2553 809 2647 enim
826 2571 977 2667 ingenio
1015 2571 1388 2646 honorificentissima
1422 2594 1593 2671 quaeque
1624 2591 1711 2673 post

188 2700 355 2762 veterum
374 2692 596 2790 scriptorum
609 2693 738 2768 laudes
763 2692 930 2790 ipsorum
955 2688 1135 2786 reliquiae
1161 2711 1336 2788 operum,
1360 2693 1429 2794 atsi
1451 2693 1710 2789 paucissimae,

189 2807 309 2880 etiarn
324 2809 436 2884 hodie
460 2823 660 2912 testantur,
698 2819 813 2909 quu'rn
848 2807 894 2879 de
928 2807 1096 2883 moribus
1122 2831 1166 2881 ac
1195 2808 1271 2882 vita
1299 2811 1520 2906 pravissima
1544 2817 1710 2889 omnium
1757 2863 1761 2883 .

190 2925 347 3003 historia
381 2919 608 3028 prodiderit,
653 2953 738 3004 eum
778 2926 909 3001 merito
955 2926 1122 3020 dubites,
1168 2941 1294 3002 utrum
1331 2943 1486 3027 propter
1525 2931 1709 3030 insignem

190 3059 344 3121 naturae
369 3050 600 3140 facultatem,
623 3048 952 3147 promptitudinem
978 3047 1109 3137 animi,
1140 3047 1269 3142 judicii
1294 3071 1471 3139 acumen,
1507 3050 1710 3126 doctrinam

190 3165 369 3266 denique,
401 3170 640 3270 elegantiam,
681 3167 931 3266 eloquentiam
957 3166 1102 3242 mireris
1126 3167 1262 3264 magis,
1304 3191 1352 3242 an
1376 3181 1531 3268 propter
1557 3171 1710 3247 incredi-
1803 3247 1806 3256 ,

188 3283 301 3360 bilem
326 3289 486 3364 abusum
511 3291 646 3363 harum
672 3289 839 3362 omnium
863 3309 988 3360 rerum
1012 3285 1204 3362 averseris.

287 3409 371 3480 lam
384 3431 473 3483 vcro
492 3408 631 3484 nostris
655 3405 806 3495 diebus,
830 3419 873 3480 ut
897 3420 973 3480 tam
995 3405 1192 3504 ambiguae
1209 3407 1344 3482 indolis
1360 3408 1473 3483 vitam
1498 3415 1706 3490 accuratius

193 3527 413 3623 cognovisse
450 3527 656 3623 jucundum
689 3528 757 3617 sit,
804 3525 893 3598 facit
933 3527 1137 3598 recentium
1169 3539 1206 3600 et
1236 3551 1397 3625 quorum
1436 3531 1477 3604 in
1510 3535 1707 3608 evertendo

191 3633 316 3719 rerum
344 3647 580 3745 publicarum
609 3662 708 3724 statu
737 3668 853 3743 opera
876 3645 1049 3734 eminuit,
1089 3647 1316 3744 comparatio
1349 3648 1553 3725 hominum.
1613 3654 1708 3726 Nam

192 3766 293 3840 haud
323 3767 460 3841 inficeti
487 3790 618 3845 sensus
652 3768 839 3857 videatur,
878 3767 943 3862 qui
971 3763 1156 3840 celeritate
1182 3759 1332 3841 critiam
1366 3769 1518 3866 ingenii,
1561 3793 1708 3844 morum

192 3888 240 3960 ad
264 3909 410 3960 omnem
434 3885 622 3962 fortunam
644 3887 818 3960 facilitate
843 3884 1076 3981 eloquentiae
1097 3886 1134 3959 vi
1157 3887 1390 3974 Mirabaeum
1415 3889 1574 3986 aliquem
1597 3888 1709 3962 Athe·

191 4009 378 4122 niensem,
405 4007 551 4096 ¹acriter
582 4005 848 4104 exsequendis,
888 4027 985 4104 quae
1014 4005 1268 4082 crudelissime
1302 4005 1571 4098 constituisset,
1613 4008 1709 4082 Dan-

191 4140 321 4200 tonum
346 4127 531 4202 exstitisse
556 4127 614 4200 vel
627 4125 930 4232 liobespienium
952 4123 1060 4198 dicat.
1109 4126 1357 4222 Quamobrem
1382 4125 1415 4202 si
1428 4127 1621 4226 parvulam
1637 4153 1708 4204 nos

193 4261 358 4322 nostram
395 4247 618 4344 minimeque
653 4247 895 4323 sufficientem
925 4245 964 4318 in
999 4246 1078 4341 ejus
1108 4247 1269 4323 hominis
1307 4246 1469 4345 imagine
1501 4247 1707 4346 effingenda
