4128 5918
951 388 987 437 ιι
1011 387 1045 398 ”

886 477 1047 514 m

201 603 394 678 derabitur
404 614 541 692 noster,
555 605 608 692 si,
622 624 718 700 quae
733 605 893 702 pessime
910 581 1146 692 commiserit,
1162 627 1274 680 caeco
1288 608 1413 706 potius
1432 610 1578 685 cuidam
1592 614 1721 706 furori,
1737 601 1741 609 ’

200 740 295 798 tetra
310 739 397 798 nato
410 724 672 798 immortalium
682 746 807 796 rerum
820 725 1077 822 desperatione
1094 715 1380 822 assignabimus,
1401 751 1514 826 quum
1528 733 1721 830 cupiditati

199 845 383 942 malignae
407 857 443 916 et
467 843 652 916 voluntati
665 843 867 940 improbae
890 842 1059 917 nocendi.
1098 844 1168 918 Cui
1192 842 1330 938 judicio
1358 847 1539 922 calculum
1561 850 1721 945 adjicere

198 986 275 1036 non
300 961 498 1052 dubitabit,
530 962 596 1059 qui
621 983 881 1036 couversarum
907 985 1028 1060 nuper
1051 962 1099 1034 in¹
1117 963 1234 1036 Gallia
1258 986 1383 1038 rerum
1408 969 1619 1065 cognitione
1644 995 1721 1044 non

198 1083 326 1156 leviter
356 1083 523 1154 imbutus
559 1080 605 1152 de
639 1103 768 1160 eorum
809 1075 1001 1156 hominum
1034 1094 1170 1154 natura
1205 1082 1372 1179 judicare
1406 1099 1507 1160 recte
1539 1087 1721 1179 didicerit,

198 1223 360 1301 quorum
401 1199 609 1270 immaniter
648 1199 809 1274 admissa
852 1215 1042 1298 stuporem
1084 1200 1194 1297 simul
1233 1215 1346 1300 atque
1381 1195 1580 1278 horrorem
1615 1200 1719 1281 'sanis

197 1317 371 1391 omnihus
397 1301 660 1400 e'rreitaverunt.
1676 1411 1681 1415 ,

285 1441 328 1508 V.
353 1436 512 1508 Primum
535 1437 570 1508 ei
591 1431 736 1542 tempus
759 1436 961 1535 attingendi
989 1458 1067 1510 rem
1091 1435 1279 1534 publicam
1295 1439 1438 1511 definiri
1458 1442 1598 1538 nequit,
1617 1429 1720 1540 quod

194 1556 307 1628 fuerit
324 1555 366 1625 ²³.
416 1555 535 1654 Brima
560 1569 684 1628 autem
709 1557 806 1630 actio
831 1557 1000 1654 publica,
1035 1557 1076 1630 in
1110 1580 1186 1654 qua
1210 1557 1359 1654 quidem
1392 1561 1530 1633 mentio
1554 1561 1720 1656 injicitur

195 1675 348 1762 Critiae,
375 1673 631 1773 quaestionem
656 1675 755 1748 illam
779 1675 898 1748 fuisse
921 1676 1068 1773 reperio
1094 1678 1140 1750 dc
1167 1677 1281 1749 caede
1310 1677 1520 1772 Phrynichi.
1573 1683 1719 1753 Etenim

193 1793 444 1885 Phrynichus,
491 1793 669 1888 quamdiu
708 1795 808 1890 apud
841 1795 977 1867 Samon
1013 1795 1174 1870 instrlarn
1206 1795 1488 1870 Atheniensium
1525 1815 1719 1895 praeesset
1774 1797 1780 1838 ³

195 1913 324 2000 classi,
356 1910 536 1984 Alcibiadi
562 1932 602 1983 se
627 1911 940 2003 inimicissimum,
981 1913 1146 1987 Pisandri
1179 1929 1303 1988 autern
1328 1930 1366 1988 et
1399 1916 1480 2012 ejus
1512 1919 1717 1990 amicorum

193 2032 240 2104 de
282 2031 499 2128 republica
540 2031 768 2124 immutanda
812 2031 975 2106 consiliis
1018 2034 1231 2107 ostenderat
1258 2031 1561 2123 infestissimum,
1601 2061 1716 2132 quum

193 2163 363 2248 repente,
400 2165 444 2223 ut
468 2153 509 2224 ht
532 2150 632 2246 apud
657 2151 827 2223 homines
854 2172 960 2222 suam
986 2163 1129 2224 tanmm
1154 2151 1349 2225 utilitatem
1376 2154 1635 2252 respicientes,
1668 2179 1717 2254 ex

192 2271 271 2343 aeri
298 2268 493 2344 defensore
525 2265 716 2366 'popularis
741 2268 884 2363 imperii
912 2283 1092 2366 patronus
1130 2271 1349 2368 optimatum
1381 2271 1502 2348 factus
1536 2286 1603 2348 est.
1658 2255 1715 2347 De

192 2411 335 2485 quare
363 2389 538 2484 copiosus
564 2401 621 2460 est
644 2400 797 2462 octavus
832 2389 928 2461 liber
951 2388 1189 2483 ffiucydidis.
1246 2391 1374 2487 ltaque
1406 2390 1445 2464 in
1469 2378 1716 2491 quadringen-

192 2522 316 2580 torum
338 2529 532 2581 numerum
559 2517 790 2603 assumptus,
818 2531 934 2604 quum
959 2504 1181 2605 potestatem
1206 2489 1335 2582 eorum
1357 2509 1437 2584 sine
1471 2512 1714 2585 Lacedaemo-

191 2613 340 2699 niorum
355 2628 492 2700 auxilio
509 2649 678 2701 casuram
698 2648 780 2724 esse
794 2627 947 2717 videret,
973 2628 1117 2724 cepisse
1137 2626 1332 2699 consilium
1347 2612 1653 2726 excipiendarum
1671 2629 1712 2703 in

191 2745 407 2818 Eetioneam
438 2769 559 2818 arcem
590 2747 754 2820 hostiurn
794 2747 1032 2844 arguebatur.
1095 2746 1130 2818 Is
1146 2730 1241 2818 ‘tum
1277 2745 1402 2821 subito
1435 2769 1459 2818 a
1488 2745 1723 2845 quibusdam
1770 2837 1772 2844 y

190 2864 370 2939 insidiose
384 2863 532 2939 occisus
558 2879 614 2940 est
629 2873 673 2954 ¹4,
716 2887 760 2936 ac
784 2866 882 2940 faeta
902 2864 1165 2962 inquisitione,
1193 2886 1310 2962 quum
1324 2864 1572 2962 Apollodorus
1600 2869 1716 2944 Thra·¹
1840 2883 1842 2886 ’

277 3082 332 3160 23)
354 3085 427 3144 Huc
447 3082 564 3162 refero,
587 3099 666 3164 quae
687 3082 725 3144 ad
746 3083 887 3147 Platonis
911 3081 966 3146 illa
998 3080 1079 3144 dicta
1107 3079 1210 3154 (Τίιιι.
1232 3101 1305 3166 pag.
1330 3080 1406 3160 ιο).
1439 3089 1573 3166 Κριτίαι
1593 3081 1629 3150 de‘
1647 3109 1711 3151 που

188 3188 303 3262 πάντες
325 3211 356 3251 οι
345 3183 479 3284 rqd’*
463 3211 552 3269 crum
570 3181 693 3262 οἰιδοοὸς
713 3192 837 3270 (neque
849 3184 1139 3269 philosophicarum
1157 3204 1264 3248 rerum
1283 3203 1386 3270 neque
1404 3185 1564 3267 civilium)
1587 3176 1710 3274 ἰδιώτην

191 3290 263 3354 ὄντα
285 3279 327 3354 ὧι
349 3287 485 3376 λέγομεο,
507 3290 679 3358 Proelus
668 3311 702 3352 ιιι
730 3291 968 3354 Commentario
988 3288 1064 3352 dicit
1086 3290 1177 3373 (pag.
1189 3289 1271 3364 hair.
1295 3290 1345 3352 ed
1366 3293 1540 3366 Beleheril·
1570 3292 1708 3358 ἐκαλεῖτο

190 3391 371 3479 ἰδιώτης
336 3419 392 3478 per
411 3397 446 3461 ἕο
466 3390 657 3477 φιλοσόφοις,
675 3389 846 3479 φιλόσοφος
867 3392 900 3460 δὲ
923 3396 955 3458 ἓν
975 3391 1119 3468 ἰδιώταις.
1153 3395 1279 3458 Etenim
1307 3415 1387 3477 quae
1416 3394 1456 3458 ad
1481 3395 1564 3458 vitae
1584 3397 1707 3460 sobrie·

188 3513 295 3578 tatem,
317 3499 563 3583 temperantiam,
587 3498 772 3560 modestiam
794 3495 888 3560 affert
905 3496 1117 3580 philosophia,
1134 3516 1201 3558 non
1221 3495 1346 3582 quidem
1365 3511 1454 3560 erant
1473 3499 1591 3564 Critiae
1603 3503 1708 3564 animo
1772 3579 1778 3589 ς

174 3605 429 3678 *accommodate
451 3618 486 3666 ut
505 3603 559 3689 qui
580 3603 773 3686 voluptatem
795 3604 924 3684 majoris
943 3600 1076 3663 haberet
1096 3621 1188 3685 quam
1209 3601 1408 3682 sapientiam:
1432 3617 1541 3666 contra
1557 3604 1706 3668 adversus

188 3729 254 3783 eos,
277 3717 410 3793 οίιοιιιιιι
431 3706 545 3788 judicia
575 3705 614 3771 ad
641 3707 732 3770 altius
759 3705 983 3789 penetrandum
1013 3704 1046 3766 in
1073 3705 1227 3770 humanae
1258 3705 1398 3768 indolem
1418 3707 1547 3771 naturae
1568 3707 1706 3770 tardiora

188 3828 301 3889 essent,
321 3815 434 3876 fastum
454 3812 544 3873 illum
572 3809 827 3894 philosophicum
855 3811 992 3874 libenter
1011 3829 1102 3893 prae
1135 3831 1170 3874 se
1197 3811 1328 3875 ferebat.
1365 3812 1437 3879 vid.
1467 3813 1561 3879 etiam
1582 3814 1706 3874 Tenna-

187 3939 293 3992 mann,
318 3918 426 3980 Gesch.
449 3920 504 3978 der
528 3912 648 3978 Philus.
673 3919 745 3984 Vol
767 3922 792 3991 l,
813 3937 885 3999 pag.
906 3917 978 3997 394.
1001 3925 1066 3976 not.
1088 3917 1140 3980 51.

274 4032 329 4110 ui)
350 4029 422 4097 Vid.
442 4028 614 4109 Thucydid.
636 4029 722 4104 Vlll,
744 4049 793 4112 90·
829 4029 917 4090 Haec
938 4047 994 4090 arx
1015 4027 1213 4097 Theramene
1233 4023 1313 4087 duee
1325 4037 1357 4085 et
1369 4023 1571 4100 Anstoerate
1587 4046 1702 4110 appro-

188 4135 360 4218 pinquante
380 4136 606 4218 Spartanorum
626 4135 734 4206 classe,
756 4152 836 4218 quae
856 4130 971 4193 deinde
1003 4130 1151 4211 Oropum
1179 4127 1283 4211 petiit,
1316 4126 1445 4210 disjecta
1470 4129 1700 4214 eit3'1'hucyd

188 4242 271 4318 Vlll,
292 4261 326 4322 9¹
346 4261 430 4324 seqq.
474 4238 592 4330 Quodsi
630 4253 737 4302 auctor
766 4223 915 4301 orationis
941 4236 1094 4300 adversm
1128 4233 1317 4296 Theocrmen
1346 4251 1413 4316 cap.
1447 4255 1496 4296 aa.
1527 4229 1598 4311 τοὺς
1624 4235 1702 4318 ἀμφὶ
