4128 5918
941 329 948 340 ”
1073 328 1212 432 Ι15-

1043 444 1203 484 ει-

339 578 438 681 ·,Ιατο
464 573 661 674 imperium
686 572 862 650 inducere
890 574 1055 652 voluisse
1078 597 1299 673 servosque,
1323 589 1419 673 quoe
1444 572 1625 664 πενέστας
1639 575 1675 632 5⁶

362 697 472 768 bant·
511 695 707 768 adversum
738 692 851 768 heros
885 694 1092 770 concitasse
1118 693 1334 769 incusantis·
1382 694 1476 766 Nam
1509 695 1582 768 nisi
1608 695 1693 792 aliqr

364 816 516 889 Glitiam
541 814 699 888 fortasse
726 815 910 914 eomodo
932 834 1132 912 procerum
1157 805 1419 886 Thessalorum
1439 799 1643 910 infringere
1660 814 1700 886 ni

237 923 241 938 '
296 995 301 1000 .
361 935 627 1022 auctoritatem,
644 945 685 1006 ut
701 931 841 1027 adeius
856 932 1003 1031 generis
1019 943 1229 1029 praecepta,
1253 929 1378 1028 qualia
1392 928 1430 1001 in
1453 929 1619 1028 Prihcipe
1639 955 1703 1008 ruo

362 1052 476 1126 vellus
503 1029 695 1149 expirauit,
732 1052 779 1140 ad
803 1052 1061 1150 quotidianum
1093 1072 1204 1126 usum
1236 1050 1500 1141 convertenda,
1530 1073 1606 1148 quo
1631 1075 1709 1151 mas

341 1170 489 1244 -ficrent
504 1170 619 1267 plebi,
631 1173 870 1246 commoverit
882 1192 959 1260 eos,
981 1193 1058 1242 uon
1081 1169 1204 1260 video,
1228 1168 1420 1266 quomodo
1434 1168 1657 1265 scriptorum
1683 1169 1713 1242 il

361 1289 451 1365 sitas
476 1289 650 1385 componi
674 1289 917 1385 probabiliter
941 1289 1083 1364 debeat.
1134 1289 1276 1382 Quare,
1300 1287 1366 1386 qui
1391 1288 1580 1385 antiquior
1596 1301 1633 1361 et
1652 1289 1718 1364 fert

360 1409 404 1484 lis
430 1422 487 1484 est
509 1407 739 1506 Xenophon,
762 1410 802 1482 in
828 1429 868 1482 re
892 1405 1112 1505 praesertim
1136 1429 1235 1504 quae
1257 1428 1304 1478 ex
1329 1405 1465 1480 aemuli
1493 1428 1557 1479 ore
1581 1407 1722 1503 profers

359 1541 402 1602 ut
426 1527 474 1600 ad
503 1527 752 1624 praesentium
776 1527 970 1600 hominum
994 1525 1084 1598 facti
1110 1524 1375 1600 conscientiam
1398 1537 1644 1624 provocetur,
1678 1526 1728 1621 ph

359 1644 460 1742 apud
483 1667 552 1720 nos
577 1647 696 1719 valeat
720 1658 884 1742 oportet.
941 1644 1175 1718 Politicorum
1199 1629 1410 1734 homiuum,
1449 1641 1552 1742 quod
1582 1667 1682 1716 nunc
1715 1670 1734 1742 q

358 1765 546 1856 ridemus,
576 1787 646 1862 pro
670 1764 965 1862 uniuscujusque
988 1763 1139 1838 fortuna
1161 1763 1339 1860 temporis
1368 1775 1535 1838 mutetur
1551 1763 1666 1878 patio,
1690 1788 1736 1838 ne
1865 1797 1867 1832 t

359 1897 501 1957 menter
530 1883 707 1958 dehemus
743 1883 938 1973 admirari,
971 1905 1078 1972 eum,
1119 1905 1231 1980 quem
1263 1883 1545 1980 insequentibus
1578 1885 1685 1960 annis
1713 1907 1743 1968 ¹a
1865 1913 1867 1954 t

357 2003 493 2076 simum
517 2002 648 2101 populi
681 2001 932 2078 adversarium
964 2000 1153 2076 exstitisse
1177 2000 1358 2091 sciamus,
1397 2001 1437 2072 in
1462 2001 1652 2076 'l'hessalia
1679 2025 1747 2098 opp

359 2123 540 2218 replebis
566 2122 780 2196 exhibuisse
811 2121 1013 2194 fautorem:
1053 2119 1195 2192 neutris
1227 2141 1275 2192 ex
1297 2141 1386 2195 vera
1407 2121 1520 2195 animi
1554 2120 1752 2196 affectione

359 2242 532 2338 cupiebat
548 2242 692 2332 Critias,
717 2264 787 2314 nec
803 2239 991 2314 nobilibus
1006 2259 1075 2311 nec
1089 2236 1334 2333 multitudini3
1360 2261 1401 2312 se
1420 2239 1554 2330 solum,
1581 2263 1651 2316 sua
1684 2266 1758 2316 corr.
1865 2265 1867 2312 ε

356 2383 596 2458 peromnem
619 2361 733 2436 vitam
758 2359 972 2449 adamabat,
998 2379 1106 2434 suam
1132 2359 1371 2456 cupiditatem
1397 2359 1571 2434 studebat
1596 2362 1756 2458 explere.

378 2511 380 2516 v
455 2481 543 2552 vtll.
578 2480 779 2556 Reversum
812 2479 859 2551 ab
883 2477 1014 2554 exsilio
1047 2477 1204 2572 conjicio
1228 2490 1315 2576 post
1338 2478 1542 2554 infaustum
1567 2480 1658 2553 illud
1681 2503 1767 2578 proc
1866 2541 1867 2569 2

357 2597 555 2697 quolapud
579 2604 705 2696 Aegos
728 2600 864 2672 flumen
888 2596 1171 2672 Atheniensium
1207 2619 1267 2670 res
1300 2597 1540 2694 irreparabile
1569 2598 1747 2674 dmnnum
1865 2627 1867 2670 ;

355 2718 500 2790 Etenim
526 2741 642 2813 quum
665 2717 759 2790 mari
782 2715 892 2790 simul
916 2729 953 2788 et
978 2729 1097 2802 terra,
1129 2715 1291 2814 hincab
1315 2717 1454 2814 Agide,
1485 2717 1586 2792 illinc
1611 2719 1659 2792 ab
1683 2721 1777 2812 Lysa
1865 2743 1867 2792 :

357 2848 662 2934 oppugnarentur
677 2834 871 2924 ¹Athenae,
897 2835 1069 2910 instantis
1094 2848 1197 2908 metu
1222 2836 1399 2934 periculi,
1427 2836 1601 2932 primum
1615 2838 1765 2935 quidem

356 2957 499 3030 civibus
523 2946 809 3053 quibuscunque
834 2953 1013 3030 libertatis
1040 2954 1166 3052 aliqua
1190 2955 1444 3050 deminutione
1469 2958 1626 3044 notatis,
1666 2980 1762 3054 quos
1865 3001 1866 3014 .

353 3101 459 3170 μους
481 3074 533 3144 illi
557 3073 758 3163 vocabant,
790 3073 829 3144 in
855 3075 1012 3171 gratiam
1037 3096 1097 3148 res
1124 3076 1275 3173 publica
1305 3074 1415 3148 rediit
1430 3073 1483 3170 δίς
1520 3072 1671 3166 deinde,
1711 3099 1792 3176 pact
1865 3101 1866 3149 t

329 3193 644 3296 (conditionibus,
689 3191 735 3264 de
761 3183 1154 3291 quibus'tysandrum
1178 3196 1275 3268 inter
1306 3208 1419 3292 atque
1443 3193 1707 3267 Theramenem
1746 3219 1796 3267 co:
1865 3239 1866 3248 .

325 3307 327 3312 ’
353 3326 476 3400 nerat,
500 3335 522 3384 a
546 3312 684 3408 populo
710 3325 889 3410 accepta,
911 3312 1059 3386 exsules
1085 3311 1123 3384 in
1147 3315 1306 3412 patriam
1331 3315 1492 3388 restituti
1521 3327 1608 3388 sunt
1622 3311 1667 3385 57.
1716 3320 1770 3387 Αο
1795 3331 1801 3385 t

354 3431 675 3528 quidemcritiam,
698 3415 926 3504 vehementis
942 3428 1130 3502 hominem
1143 3432 1295 3528 ingenii,
1319 3433 1470 3507 ultionis
1487 3433 1671 3508 desiderio
1686 3435 1806 3531 flagrat

312 3607 317 3619 .
354 3551 465 3648 idque
480 3562 522 3622 ut
546 3550 709 3646 expleret
736 3549 919 3648 susceptis
944 3551 982 3622 in
1008 3572 1106 3636 novo
1124 3563 1223 3624 statu
1248 3551 1303 3626 rei
1318 3552 1490 3648 publicae
1505 3551 1692 3649 partibus,
1724 3577 1809 3648 mag

351 3691 440 3764 pere
468 3669 680 3757 connisum,
696 3673 699 3682 ’
718 3672 821 3767 ipsae
846 3693 907 3744 res
925 3663 1087 3761 docent,
1128 3694 1224 3769 quae
1251 3685 1389 3746 tantam
1422 3672 1592 3746 fortunae
1619 3685 1816 3746 commutat

350 3905 402 3966 hic
423 3905 486 3966 loci
507 3925 570 3966 non
592 3907 787 4008 praestetit,
811 3892 918 3970 refero
939 3927 990 3970 me
1010 3910 1049 3972 ed
1066 3909 1290 3973 Schneidcrum
1312 3913 1344 3973 in
1367 3911 1583 3988 Xenophontis
1604 3911 1711 3971 histor.
1733 3935 1784 3994 gr.
1811 3916 1820 3973 l

282 4069 287 4080 ,
349 4021 381 4070 et
402 4011 589 4072 Crsucerum
610 4011 649 4074 ed
672 4012 734 4074 Cic.
756 4015 794 4072 de
815 4014 892 4072 Nat.
917 4012 1013 4074 Deor.
1037 4015 1090 4087 ΙΙΙ,
1114 4015 1163 4078 28.

432 4115 489 4191 36)
510 4118 561 4176 De
582 4115 630 4176 his
651 4116 711 4178 vid.
735 4115 899 4177 Ruhnken.
923 4115 963 4178 ad
990 4117 1110 4178 Timaei
1129 4118 1214 4178 Lex.
1240 4115 1323 4178 Pur.
1345 4138 1416 4202 pag.
1440 4141 1507 4180 orn.

431 4219 488 4300 37)
510 4217 582 4284 vid.
606 4213 806 4301 Xenophont.
828 4217 899 4280 hist.
922 4241 973 4301 gr.
997 4223 1035 4294 ll,
1060 4244 1088 4294 c,
1116 4245 1161 4284 ιι.
1193 4219 1346 4284 Andocid.
1366 4225 1404 4286 dc
1425 4236 1556 4303 myster.
1585 4244 1630 4306 ¹9·
