<?xml version="1.0" encoding="UTF-8"?>
<!DOCTYPE html PUBLIC "-//W3C//DTD XHTML 1.0 Transitional//EN"
    "http://www.w3.org/TR/xhtml1/DTD/xhtml1-transitional.dtd">
<html xmlns="http://www.w3.org/1999/xhtml" xml:lang="en" lang="en">
 <head>
  <title>
</title>
<meta http-equiv="Content-Type" content="text/html;charset=utf-8" />
  <meta name='ocr-system' content='tesseract 3.04.00' />
  <meta name='ocr-capabilities' content='ocr_page ocr_carea ocr_par ocr_line ocrx_word'/>
</head>
<body>
  <div class='ocr_page' id='page_1' title='image "./dissertatioinit00webegoog_0028.png"; bbox 0 0 4128 5918; ppageno 0'>
   <div class='ocr_carea' id='block_1_1' title="bbox 13 4117 16 4222">
    <p class='ocr_par' dir='ltr' id='par_1_1' title="bbox 13 4099 16 4222">
     <span class='ocr_line' id='line_1_1' title="bbox 13 4117 16 4222; baseline 0 0"><span class='ocrx_word' id='word_1_1' title='bbox 13 4117 16 4222; x_wconf 86' lang='lat' dir='ltr'>l</span> 
     </span>
    </p>
   </div>
   <div class='ocr_carea' id='block_1_2' title="bbox 926 383 971 453">
    <p class='ocr_par' dir='ltr' id='par_1_2' title="bbox 926 383 971 453">
     <span class='ocr_line' id='line_1_2' title="bbox 926 383 971 453; baseline 0.022 -1"><span class='ocrx_word' id='word_1_2' title='bbox 926 383 971 453; x_wconf 78' lang='lat'>25</span> 
     </span>
    </p>
   </div>
   <div class='ocr_carea' id='block_1_3' title="bbox 185 623 1715 844">
    <p class='ocr_par' dir='ltr' id='par_1_3' title="bbox 185 623 1715 844">
     <span class='ocr_line' id='line_1_3' title="bbox 187 623 1713 725; baseline 0.002 -27"><span class='ocrx_word' id='word_1_3' title='bbox 187 625 499 722; x_wconf 75' lang='lat' dir='ltr'>eloquentissimis</span> <span class='ocrx_word' id='word_1_4' title='bbox 525 624 753 698; x_wconf 85' lang='lat' dir='ltr'>Graecorum</span> <span class='ocrx_word' id='word_1_5' title='bbox 777 649 889 724; x_wconf 88' lang='lat' dir='ltr'>saepe</span> <span class='ocrx_word' id='word_1_6' title='bbox 914 640 1169 723; x_wconf 77' lang='lat' dir='ltr'>comparetur,</span> <span class='ocrx_word' id='word_1_7' title='bbox 1205 623 1253 698; x_wconf 90' lang='lat' dir='ltr'>ad</span> <span class='ocrx_word' id='word_1_8' title='bbox 1276 623 1502 720; x_wconf 77' lang='lat' dir='ltr'>Thucydidis</span> <span class='ocrx_word' id='word_1_9' title='bbox 1531 628 1713 725; x_wconf 84' lang='lat' dir='ltr'>grandita-</span> 
     </span>
     <span class='ocr_line' id='line_1_4' title="bbox 185 744 1715 844; baseline 0.001 -26"><span class='ocrx_word' id='word_1_10' title='bbox 185 760 280 833; x_wconf 88' lang='lat' dir='ltr'><strong>tem,</strong></span> <span class='ocrx_word' id='word_1_11' title='bbox 322 745 372 818; x_wconf 88' lang='lat' dir='ltr'>ad</span> <span class='ocrx_word' id='word_1_12' title='bbox 394 745 528 840; x_wconf 87' lang='lat' dir='ltr'>Lysiae</span> <span class='ocrx_word' id='word_1_13' title='bbox 554 744 720 819; x_wconf 89' lang='lat' dir='ltr'>nativum</span> <span class='ocrx_word' id='word_1_14' title='bbox 744 745 862 820; x_wconf 89' lang='lat' dir='ltr'>robur</span> <span class='ocrx_word' id='word_1_15' title='bbox 887 747 1009 820; x_wconf 89' lang='lat' dir='ltr'>oratio</span> <span class='ocrx_word' id='word_1_16' title='bbox 1025 747 1115 840; x_wconf 86' lang='lat' dir='ltr'>ejus</span> <span class='ocrx_word' id='word_1_17' title='bbox 1140 746 1343 822; x_wconf 85' lang='lat' dir='ltr'>accessisse</span> <span class='ocrx_word' id='word_1_18' title='bbox 1369 769 1392 818; x_wconf 89' lang='lat' dir='ltr'>a</span> <span class='ocrx_word' id='word_1_19' title='bbox 1418 747 1563 844; x_wconf 83' lang='lat' dir='ltr'>magnis</span> <span class='ocrx_word' id='word_1_20' title='bbox 1587 747 1715 842; x_wconf 86' lang='lat' dir='ltr'>judici·</span> 
     </span>
    </p>
   </div>
   <div class='ocr_carea' id='block_1_4' title="bbox 106 861 1842 1083">
    <p class='ocr_par' dir='ltr' id='par_1_4' title="bbox 106 861 1842 1083">
     <span class='ocr_line' id='line_1_5' title="bbox 106 861 1714 974; baseline 0.001 -36"><span class='ocrx_word' id='word_1_21' title='bbox 106 961 114 974; x_wconf 39' lang='lat'><strong>·</strong></span> <span class='ocrx_word' id='word_1_22' title='bbox 184 865 280 954; x_wconf 88' lang='lat' dir='ltr'>bus,</span> <span class='ocrx_word' id='word_1_23' title='bbox 306 865 484 939; x_wconf 79' lang='lat' dir='ltr'>Cicerone</span> <span class='ocrx_word' id='word_1_24' title='bbox 498 861 532 920; x_wconf 80' lang='lat'>⁶³</span> <span class='ocrx_word' id='word_1_25' title='bbox 560 877 597 938; x_wconf 91' lang='lat' dir='ltr'>et</span> <span class='ocrx_word' id='word_1_26' title='bbox 617 864 800 960; x_wconf 84' lang='lat' dir='ltr'>Dionysio</span> <span class='ocrx_word' id='word_1_27' title='bbox 826 866 1140 940; x_wconf 86' lang='lat' dir='ltr'>Halicamassensi</span> <span class='ocrx_word' id='word_1_28' title='bbox 1156 864 1192 925; x_wconf 72' lang='lat'>⁶4</span> <span class='ocrx_word' id='word_1_29' title='bbox 1221 888 1298 938; x_wconf 90' lang='lat' dir='ltr'>non</span> <span class='ocrx_word' id='word_1_30' title='bbox 1316 888 1406 938; x_wconf 86' lang='lat' dir='ltr'>¹unc</span> <span class='ocrx_word' id='word_1_31' title='bbox 1439 865 1524 938; x_wconf 91' lang='lat' dir='ltr'>loco</span> <span class='ocrx_word' id='word_1_32' title='bbox 1558 865 1714 940; x_wconf 87' lang='lat' dir='ltr'>dicatur.</span> 
     </span>
     <span class='ocr_line' id='line_1_6' title="bbox 188 982 1842 1083; baseline 0.003 -28"><span class='ocrx_word' id='word_1_33' title='bbox 188 986 270 1078; x_wconf 83' lang='lat' dir='ltr'>Quo</span> <span class='ocrx_word' id='word_1_34' title='bbox 296 984 446 1080; x_wconf 79' lang='lat' dir='ltr'>gravius</span> <span class='ocrx_word' id='word_1_35' title='bbox 471 997 528 1058; x_wconf 91' lang='lat' dir='ltr'>est</span> <span class='ocrx_word' id='word_1_36' title='bbox 560 983 760 1058; x_wconf 88' lang='lat' dir='ltr'>dolendum</span> <span class='ocrx_word' id='word_1_37' title='bbox 794 985 841 1058; x_wconf 88' lang='lat' dir='ltr'>de</span> <span class='ocrx_word' id='word_1_38' title='bbox 871 983 1033 1078; x_wconf 86' lang='lat' dir='ltr'>jactura,</span> <span class='ocrx_word' id='word_1_39' title='bbox 1074 1008 1187 1082; x_wconf 79' lang='lat' dir='ltr'>quam</span> <span class='ocrx_word' id='word_1_40' title='bbox 1219 985 1259 1058; x_wconf 86' lang='lat' dir='ltr'>in</span> <span class='ocrx_word' id='word_1_41' title='bbox 1293 982 1339 1057; x_wconf 88' lang='lat' dir='ltr'>iis</span> <span class='ocrx_word' id='word_1_42' title='bbox 1374 983 1551 1060; x_wconf 83' lang='lat' dir='ltr'>fecimus:</span> <span class='ocrx_word' id='word_1_43' title='bbox 1591 1009 1713 1083; x_wconf 86' lang='lat' dir='ltr'>neque</span> <span class='ocrx_word' id='word_1_44' title='bbox 1840 1011 1842 1018; x_wconf 91' lang='lat'>·</span> 
     </span>
    </p>
   </div>
   <div class='ocr_carea' id='block_1_5' title="bbox 186 1102 1714 1203">
    <p class='ocr_par' dir='ltr' id='par_1_5' title="bbox 186 1102 1714 1203">
     <span class='ocr_line' id='line_1_7' title="bbox 186 1102 1714 1203; baseline 0.003 -29"><span class='ocrx_word' id='word_1_45' title='bbox 186 1115 310 1174; x_wconf 86' lang='lat' dir='ltr'>tamen</span> <span class='ocrx_word' id='word_1_46' title='bbox 334 1103 599 1198; x_wconf 85' lang='lat' dir='ltr'>improbaverit</span> <span class='ocrx_word' id='word_1_47' title='bbox 623 1102 770 1201; x_wconf 83' lang='lat' dir='ltr'>aliquis,</span> <span class='ocrx_word' id='word_1_48' title='bbox 796 1127 891 1203; x_wconf 86' lang='lat' dir='ltr'>quae</span> <span class='ocrx_word' id='word_1_49' title='bbox 917 1103 992 1176; x_wconf 92' lang='lat' dir='ltr'>huo</span> <span class='ocrx_word' id='word_1_50' title='bbox 1016 1102 1190 1176; x_wconf 90' lang='lat' dir='ltr'>facientia</span> <span class='ocrx_word' id='word_1_51' title='bbox 1209 1103 1450 1178; x_wconf 84' lang='lat' dir='ltr'>Philostratus</span> <span class='ocrx_word' id='word_1_52' title='bbox 1473 1104 1563 1178; x_wconf 87' lang='lat' dir='ltr'>dicit</span> <span class='ocrx_word' id='word_1_53' title='bbox 1577 1104 1623 1197; x_wconf 84' lang='lat'>⁶⁵,</span> <span class='ocrx_word' id='word_1_54' title='bbox 1649 1128 1714 1179; x_wconf 87' lang='lat' dir='ltr'>cos</span> 
     </span>
    </p>
   </div>
   <div class='ocr_carea' id='block_1_6' title="bbox 142 1221 1824 1331">
    <p class='ocr_par' dir='ltr' id='par_1_6' title="bbox 142 1221 1824 1331">
     <span class='ocr_line' id='line_1_8' title="bbox 142 1221 1824 1331; baseline -0.018 -26"><span class='ocrx_word' id='word_1_55' title='bbox 142 1323 143 1331; x_wconf 8' lang='grc' dir='ltr'>ἵ</span> <span class='ocrx_word' id='word_1_56' title='bbox 186 1221 429 1318; x_wconf 77' lang='lat' dir='ltr'>impugnans,</span> <span class='ocrx_word' id='word_1_57' title='bbox 464 1224 529 1320; x_wconf 88' lang='lat' dir='ltr'>qui</span> <span class='ocrx_word' id='word_1_58' title='bbox 553 1223 686 1296; x_wconf 82' lang='lat' dir='ltr'>fortem</span> <span class='ocrx_word' id='word_1_59' title='bbox 712 1224 816 1297; x_wconf 82' lang='lat' dir='ltr'>iham</span> <span class='ocrx_word' id='word_1_60' title='bbox 841 1224 963 1297; x_wconf 87' lang='lat' dir='ltr'>virum</span> <span class='ocrx_word' id='word_1_61' title='bbox 988 1221 1127 1296; x_wconf 89' lang='lat' dir='ltr'>obiisse</span> <span class='ocrx_word' id='word_1_62' title='bbox 1153 1223 1429 1314; x_wconf 83' lang='lat' dir='ltr'>contenderint,</span> <span class='ocrx_word' id='word_1_63' title='bbox 1464 1223 1566 1322; x_wconf 89' lang='lat' dir='ltr'>quod</span> <span class='ocrx_word' id='word_1_64' title='bbox 1594 1237 1715 1318; x_wconf 72' lang='lat' dir='ltr'>tyran.</span> <span class='ocrx_word' id='word_1_65' title='bbox 1821 1309 1824 1316; x_wconf 88' lang='lat'>.</span> 
     </span>
    </p>
   </div>
   <div class='ocr_carea' id='block_1_7' title="bbox 186 1341 1789 1918">
    <p class='ocr_par' dir='ltr' id='par_1_7' title="bbox 186 1341 1789 1918">
     <span class='ocr_line' id='line_1_9' title="bbox 187 1341 1789 1440; baseline 0.001 -27"><span class='ocrx_word' id='word_1_66' title='bbox 187 1341 311 1413; x_wconf 84' lang='lat' dir='ltr'>uidem</span> <span class='ocrx_word' id='word_1_67' title='bbox 348 1343 541 1440; x_wconf 87' lang='lat' dir='ltr'>usquead</span> <span class='ocrx_word' id='word_1_68' title='bbox 573 1354 729 1415; x_wconf 89' lang='lat' dir='ltr'>mortem</span> <span class='ocrx_word' id='word_1_69' title='bbox 754 1344 988 1431; x_wconf 84' lang='lat' dir='ltr'>retinuisset,</span> <span class='ocrx_word' id='word_1_70' title='bbox 1026 1356 1063 1415; x_wconf 91' lang='lat' dir='ltr'>et</span> <span class='ocrx_word' id='word_1_71' title='bbox 1097 1342 1206 1440; x_wconf 77' lang='lat' dir='ltr'>quasi</span> <span class='ocrx_word' id='word_1_72' title='bbox 1238 1343 1388 1416; x_wconf 88' lang='lat' dir='ltr'>funebri</span> <span class='ocrx_word' id='word_1_73' title='bbox 1419 1343 1638 1418; x_wconf 89' lang='lat' dir='ltr'>vestimento</span> <span class='ocrx_word' id='word_1_74' title='bbox 1671 1369 1715 1419; x_wconf 86' lang='lat' dir='ltr'>ca</span> <span class='ocrx_word' id='word_1_75' title='bbox 1781 1405 1789 1414; x_wconf 89' lang='lat'>.</span> 
     </span>
     <span class='ocr_line' id='line_1_10' title="bbox 186 1459 1716 1560; baseline 0.004 -28"><span class='ocrx_word' id='word_1_76' title='bbox 186 1483 279 1534; x_wconf 90' lang='lat' dir='ltr'>usus</span> <span class='ocrx_word' id='word_1_77' title='bbox 312 1476 430 1536; x_wconf 86' lang='lat' dir='ltr'>esset:</span> <span class='ocrx_word' id='word_1_78' title='bbox 455 1459 535 1559; x_wconf 84' lang='lat' dir='ltr'>sas</span> <span class='ocrx_word' id='word_1_79' title='bbox 557 1477 643 1537; x_wconf 80' lang='lat' dir='ltr'>esto</span> <span class='ocrx_word' id='word_1_80' title='bbox 669 1463 784 1555; x_wconf 83' lang='lat' dir='ltr'>mihi,</span> <span class='ocrx_word' id='word_1_81' title='bbox 809 1462 947 1560; x_wconf 85' lang='lat' dir='ltr'>iuquit,</span> <span class='ocrx_word' id='word_1_82' title='bbox 978 1465 1021 1535; x_wconf 88' lang='lat' dir='ltr'>id</span> <span class='ocrx_word' id='word_1_83' title='bbox 1039 1464 1322 1557; x_wconf 81' lang='lat' dir='ltr'>pronuntiare,</span> <span class='ocrx_word' id='word_1_84' title='bbox 1357 1465 1548 1536; x_wconf 83' lang='lat' dir='ltr'>neminem</span> <span class='ocrx_word' id='word_1_85' title='bbox 1572 1479 1716 1558; x_wconf 86' lang='lat' dir='ltr'>morta·</span> 
     </span>
     <span class='ocr_line' id='line_1_11' title="bbox 188 1580 1714 1681; baseline 0.006 -31"><span class='ocrx_word' id='word_1_86' title='bbox 188 1580 280 1651; x_wconf 90' lang='lat' dir='ltr'>lium</span> <span class='ocrx_word' id='word_1_87' title='bbox 305 1581 509 1655; x_wconf 84' lang='lat' dir='ltr'>honestam</span> <span class='ocrx_word' id='word_1_88' title='bbox 535 1585 647 1659; x_wconf 83' lang='lat' dir='ltr'>obr&#39;rc</span> <span class='ocrx_word' id='word_1_89' title='bbox 670 1598 837 1658; x_wconf 86' lang='lat' dir='ltr'>mortem</span> <span class='ocrx_word' id='word_1_90' title='bbox 862 1608 910 1656; x_wconf 87' lang='lat' dir='ltr'>ea</span> <span class='ocrx_word' id='word_1_91' title='bbox 937 1585 1082 1657; x_wconf 84' lang='lat' dir='ltr'>tuendo</span> <span class='ocrx_word' id='word_1_92' title='bbox 1106 1605 1206 1681; x_wconf 83' lang='lat' dir='ltr'>quae</span> <span class='ocrx_word' id='word_1_93' title='bbox 1242 1581 1384 1678; x_wconf 84' lang='lat' dir='ltr'>injuste</span> <span class='ocrx_word' id='word_1_94' title='bbox 1412 1587 1714 1678; x_wconf 79' lang='lat' dir='ltr'>comparaverit.</span> 
     </span>
     <span class='ocr_line' id='line_1_12' title="bbox 190 1698 1717 1798; baseline 0.003 -28"><span class='ocrx_word' id='word_1_95' title='bbox 190 1698 450 1794; x_wconf 72' lang='lat' dir='ltr'>Quamobrem</span> <span class='ocrx_word' id='word_1_96' title='bbox 491 1715 530 1775; x_wconf 87' lang='lat' dir='ltr'>et</span> <span class='ocrx_word' id='word_1_97' title='bbox 572 1707 742 1776; x_wconf 81' lang='lat' dir='ltr'>eruditio</span> <span class='ocrx_word' id='word_1_98' title='bbox 780 1702 950 1778; x_wconf 70' lang='lat' dir='ltr'>homiliis</span> <span class='ocrx_word' id='word_1_99' title='bbox 988 1716 1026 1774; x_wconf 86' lang='lat' dir='ltr'>et</span> <span class='ocrx_word' id='word_1_100' title='bbox 1069 1704 1223 1796; x_wconf 77' lang='lat' dir='ltr'>scrr&#39;pta</span> <span class='ocrx_word' id='word_1_101' title='bbox 1262 1702 1468 1776; x_wconf 84' lang='lat' dir='ltr'>elaborata</span> <span class='ocrx_word' id='word_1_102' title='bbox 1509 1701 1617 1774; x_wconf 82' lang='lat' dir='ltr'>haud</span> <span class='ocrx_word' id='word_1_103' title='bbox 1659 1707 1717 1798; x_wconf 79' lang='lat' dir='ltr'>ita</span> 
     </span>
     <span class='ocr_line' id='line_1_13' title="bbox 186 1819 1716 1918; baseline 0.004 -30"><span class='ocrx_word' id='word_1_104' title='bbox 186 1819 385 1892; x_wconf 86' lang='lat' dir='ltr'>celebrari</span> <span class='ocrx_word' id='word_1_105' title='bbox 405 1824 511 1915; x_wconf 82' lang='lat' dir='ltr'>apud</span> <span class='ocrx_word' id='word_1_106' title='bbox 534 1821 714 1897; x_wconf 83' lang='lat' dir='ltr'>Graecos</span> <span class='ocrx_word' id='word_1_107' title='bbox 738 1826 942 1918; x_wconf 70' lang='lat' dir='ltr'>uidemur,-</span> <span class='ocrx_word' id='word_1_108' title='bbox 968 1847 1060 1895; x_wconf 86' lang='lat' dir='ltr'>nam</span> <span class='ocrx_word' id='word_1_109' title='bbox 1084 1823 1166 1893; x_wconf 71' lang='lat' dir='ltr'>nor·</span> <span class='ocrx_word' id='word_1_110' title='bbox 1186 1823 1360 1894; x_wconf 85' lang='lat' dir='ltr'>moribus</span> <span class='ocrx_word' id='word_1_111' title='bbox 1383 1826 1607 1896; x_wconf 79' lang='lat' dir='ltr'>consentiat</span> <span class='ocrx_word' id='word_1_112' title='bbox 1628 1847 1716 1894; x_wconf 40' lang='lat' dir='ltr'>¹ora-</span> 
     </span>
    </p>
   </div>
   <div class='ocr_carea' id='block_1_8' title="bbox 141 1917 1717 2043">
    <p class='ocr_par' dir='ltr' id='par_1_8' title="bbox 141 1917 1717 2043">
     <span class='ocr_line' id='line_1_14' title="bbox 141 1917 1717 2043; baseline 0.004 -34"><span class='ocrx_word' id='word_1_113' title='bbox 141 1949 158 1976; x_wconf 84' lang='lat'><strong><em>‘</em></strong></span> <span class='ocrx_word' id='word_1_114' title='bbox 188 1917 269 2027; x_wconf 76' lang='lat' dir='ltr'>tic,</span> <span class='ocrx_word' id='word_1_115' title='bbox 288 1939 428 2038; x_wconf 81' lang='lat' dir='ltr'>lirrgua</span> <span class='ocrx_word' id='word_1_116' title='bbox 454 1941 584 2015; x_wconf 86' lang='lat' dir='ltr'>aliena</span> <span class='ocrx_word' id='word_1_117' title='bbox 608 1943 732 2040; x_wconf 86' lang='lat' dir='ltr'>loqui,</span> <span class='ocrx_word' id='word_1_118' title='bbox 757 1945 873 2043; x_wconf 83' lang='lat' dir='ltr'>quasi</span> <span class='ocrx_word' id='word_1_119' title='bbox 896 1945 1031 2032; x_wconf 85' lang='lat' dir='ltr'>tibiae,</span> <span class='ocrx_word' id='word_1_120' title='bbox 1057 1919 1281 2013; x_wconf 83' lang='lat' dir='ltr'>cr‘debimur.</span> <span class='ocrx_word' id='word_1_121' title='bbox 1337 1943 1393 2013; x_wconf 87' lang='lat' dir='ltr'>Ea</span> <span class='ocrx_word' id='word_1_122' title='bbox 1418 1955 1540 2015; x_wconf 91' lang='lat' dir='ltr'>autem</span> <span class='ocrx_word' id='word_1_123' title='bbox 1565 1945 1717 2040; x_wconf 59' lang='lat' dir='ltr'>popula*</span> 
     </span>
    </p>
   </div>
   <div class='ocr_carea' id='block_1_9' title="bbox 188 2059 1717 2644">
    <p class='ocr_par' dir='ltr' id='par_1_9' title="bbox 190 2059 1701 2160">
     <span class='ocr_line' id='line_1_15' title="bbox 190 2059 1701 2160; baseline 0.005 -29"><span class='ocrx_word' id='word_1_124' title='bbox 190 2059 287 2132; x_wconf 91' lang='lat' dir='ltr'>rium</span> <span class='ocrx_word' id='word_1_125' title='bbox 315 2061 450 2134; x_wconf 87' lang='lat' dir='ltr'>Critiae</span> <span class='ocrx_word' id='word_1_126' title='bbox 477 2063 695 2160; x_wconf 89' lang='lat' dir='ltr'>descriptis</span> <span class='ocrx_word' id='word_1_127' title='bbox 723 2063 803 2158; x_wconf 86' lang='lat' dir='ltr'>ejus</span> <span class='ocrx_word' id='word_1_128' title='bbox 825 2063 968 2136; x_wconf 86' lang='lat' dir='ltr'>incuria</span> <span class='ocrx_word' id='word_1_129' title='bbox 992 2087 1062 2136; x_wconf 88' lang='lat' dir='ltr'>nos</span> <span class='ocrx_word' id='word_1_130' title='bbox 1088 2061 1161 2136; x_wconf 91' lang='lat' dir='ltr'>illis</span> <span class='ocrx_word' id='word_1_131' title='bbox 1185 2061 1354 2158; x_wconf 83' lang='lat' dir='ltr'>privavit</span> <span class='ocrx_word' id='word_1_132' title='bbox 1698 2134 1701 2138; x_wconf 83' lang='grc'><strong>.</strong></span> 
     </span>
    </p>

    <p class='ocr_par' dir='ltr' id='par_1_10' title="bbox 188 2181 1717 2644">
     <span class='ocr_line' id='line_1_16' title="bbox 286 2181 1717 2279; baseline 0.002 -26"><span class='ocrx_word' id='word_1_133' title='bbox 286 2182 404 2273; x_wconf 86' lang='lat' dir='ltr'>Quem</span> <span class='ocrx_word' id='word_1_134' title='bbox 435 2182 533 2255; x_wconf 92' lang='lat' dir='ltr'>idem</span> <span class='ocrx_word' id='word_1_135' title='bbox 557 2184 800 2258; x_wconf 79' lang='lat' dir='ltr'>Philostratus</span> <span class='ocrx_word' id='word_1_136' title='bbox 834 2184 872 2255; x_wconf 93' lang='lat' dir='ltr'>in</span> <span class='ocrx_word' id='word_1_137' title='bbox 907 2182 1137 2256; x_wconf 84' lang='lat' dir='ltr'>dedicatione</span> <span class='ocrx_word' id='word_1_138' title='bbox 1171 2181 1353 2255; x_wconf 85' lang='lat' dir='ltr'>librorum</span> <span class='ocrx_word' id='word_1_139' title='bbox 1385 2181 1431 2254; x_wconf 94' lang='lat' dir='ltr'>de</span> <span class='ocrx_word' id='word_1_140' title='bbox 1458 2182 1717 2279; x_wconf 88' lang='lat' dir='ltr'>Sophistarum</span> 
     </span>
     <span class='ocr_line' id='line_1_17' title="bbox 188 2294 1717 2401; baseline 0.003 -31"><span class='ocrx_word' id='word_1_141' title='bbox 188 2299 272 2374; x_wconf 85' lang='lat' dir='ltr'>vitis</span> <span class='ocrx_word' id='word_1_142' title='bbox 289 2299 325 2354; x_wconf 90' lang='lat'>⁶⁶</span> <span class='ocrx_word' id='word_1_143' title='bbox 352 2301 559 2399; x_wconf 80' lang='lat' dir='ltr'>significare</span> <span class='ocrx_word' id='word_1_144' title='bbox 585 2294 731 2376; x_wconf 78' lang='lat' dir='ltr'>ridetur</span> <span class='ocrx_word' id='word_1_145' title='bbox 754 2305 919 2376; x_wconf 93' lang='lat' dir='ltr'>libellum</span> <span class='ocrx_word' id='word_1_146' title='bbox 937 2303 1091 2392; x_wconf 79' lang='lat' dir='ltr'>Critiae,</span> <span class='ocrx_word' id='word_1_147' title='bbox 1118 2303 1236 2401; x_wconf 87' lang='lat' dir='ltr'>qualis</span> <span class='ocrx_word' id='word_1_148' title='bbox 1260 2302 1392 2392; x_wconf 84' lang='lat' dir='ltr'>fuerit,</span> <span class='ocrx_word' id='word_1_149' title='bbox 1417 2325 1493 2375; x_wconf 92' lang='lat' dir='ltr'>non</span> <span class='ocrx_word' id='word_1_150' title='bbox 1514 2302 1603 2376; x_wconf 84' lang='lat' dir='ltr'>satis</span> <span class='ocrx_word' id='word_1_151' title='bbox 1624 2303 1717 2397; x_wconf 90' lang='lat' dir='ltr'>judi·</span> 
     </span>
     <span class='ocr_line' id='line_1_18' title="bbox 188 2395 1716 2521; baseline 0.005 -31"><span class='ocrx_word' id='word_1_152' title='bbox 188 2442 272 2491; x_wconf 89' lang='lat' dir='ltr'>oare</span> <span class='ocrx_word' id='word_1_153' title='bbox 289 2443 510 2516; x_wconf 70' lang='lat' dir='ltr'>possumus.</span> <span class='ocrx_word' id='word_1_154' title='bbox 575 2423 785 2504; x_wconf 87' lang='lat' dir='ltr'>Exhibebat</span> <span class='ocrx_word' id='word_1_155' title='bbox 812 2395 973 2498; x_wconf 74' lang='lat' dir='ltr'>¹fortasse</span> <span class='ocrx_word' id='word_1_156' title='bbox 997 2423 1091 2498; x_wconf 89' lang='lat' dir='ltr'>vitas</span> <span class='ocrx_word' id='word_1_157' title='bbox 1118 2422 1340 2519; x_wconf 86' lang='lat' dir='ltr'>sapientium</span> <span class='ocrx_word' id='word_1_158' title='bbox 1372 2423 1585 2510; x_wconf 88' lang='lat' dir='ltr'>hominum,</span> <span class='ocrx_word' id='word_1_159' title='bbox 1625 2448 1716 2521; x_wconf 76' lang='lat' dir='ltr'>quc·</span> 
     </span>
     <span class='ocr_line' id='line_1_19' title="bbox 188 2541 1585 2644; baseline 0.002 -33"><span class='ocrx_word' id='word_1_160' title='bbox 188 2563 271 2612; x_wconf 90' lang='lat' dir='ltr'>rum</span> <span class='ocrx_word' id='word_1_161' title='bbox 295 2541 456 2638; x_wconf 85' lang='lat' dir='ltr'>ingeniis</span> <span class='ocrx_word' id='word_1_162' title='bbox 481 2541 637 2615; x_wconf 88' lang='lat' dir='ltr'>Graecia</span> <span class='ocrx_word' id='word_1_163' title='bbox 661 2543 909 2643; x_wconf 70' lang='lat' dir='ltr'>gloriabatur,</span> <span class='ocrx_word' id='word_1_164' title='bbox 936 2543 983 2616; x_wconf 86' lang='lat' dir='ltr'>ab</span> <span class='ocrx_word' id='word_1_165' title='bbox 1007 2545 1157 2644; x_wconf 83' lang='lat' dir='ltr'>Homeri</span> <span class='ocrx_word' id='word_1_166' title='bbox 1181 2542 1266 2614; x_wconf 90' lang='lat' dir='ltr'>inde</span> <span class='ocrx_word' id='word_1_167' title='bbox 1292 2542 1522 2640; x_wconf 88' lang='lat' dir='ltr'>temporibus</span> <span class='ocrx_word' id='word_1_168' title='bbox 1540 2541 1585 2614; x_wconf 84' lang='lat'>⁶7.</span> 
     </span>
    </p>
   </div>
   <div class='ocr_carea' id='block_1_10' title="bbox 189 2789 1807 3415">
    <p class='ocr_par' dir='ltr' id='par_1_11' title="bbox 189 2789 1807 3415">
     <span class='ocr_line' id='line_1_20' title="bbox 236 2789 1716 2897; baseline -0.001 -30"><span class='ocrx_word' id='word_1_169' title='bbox 236 2883 244 2897; x_wconf 45' lang='lat'><strong>·</strong></span> <span class='ocrx_word' id='word_1_170' title='bbox 272 2801 329 2880; x_wconf 83' lang='lat'>63)</span> <span class='ocrx_word' id='word_1_171' title='bbox 352 2802 403 2863; x_wconf 85' lang='lat' dir='ltr'>De</span> <span class='ocrx_word' id='word_1_172' title='bbox 425 2803 514 2865; x_wconf 86' lang='lat' dir='ltr'>Orat.</span> <span class='ocrx_word' id='word_1_173' title='bbox 538 2807 577 2882; x_wconf 87' lang='lat'>11,</span> <span class='ocrx_word' id='word_1_174' title='bbox 602 2826 651 2868; x_wconf 80' lang='lat' dir='ltr'>nn.</span> <span class='ocrx_word' id='word_1_175' title='bbox 689 2807 780 2868; x_wconf 80' lang='lat' dir='ltr'>Brut.</span> <span class='ocrx_word' id='word_1_176' title='bbox 803 2831 833 2889; x_wconf 83' lang='lat'>7.</span> <span class='ocrx_word' id='word_1_177' title='bbox 868 2803 977 2869; x_wconf 88' lang='lat' dir='ltr'>Priori</span> <span class='ocrx_word' id='word_1_178' title='bbox 997 2803 1056 2865; x_wconf 95' lang='lat' dir='ltr'>illo</span> <span class='ocrx_word' id='word_1_179' title='bbox 1078 2805 1150 2866; x_wconf 91' lang='lat' dir='ltr'>loco</span> <span class='ocrx_word' id='word_1_180' title='bbox 1172 2803 1286 2867; x_wconf 85' lang='lat' dir='ltr'>Cicero</span> <span class='ocrx_word' id='word_1_181' title='bbox 1307 2789 1535 2876; x_wconf 72' lang='lat' dir='ltr'>animadvertit,</span> <span class='ocrx_word' id='word_1_182' title='bbox 1561 2825 1618 2866; x_wconf 87' lang='lat' dir='ltr'>suo</span> <span class='ocrx_word' id='word_1_183' title='bbox 1639 2817 1716 2866; x_wconf 90' lang='lat' dir='ltr'>tem·</span> 
     </span>
     <span class='ocr_line' id='line_1_21' title="bbox 189 2900 1716 2996; baseline 0.004 -30"><span class='ocrx_word' id='word_1_184' title='bbox 189 2923 270 2985; x_wconf 85' lang='lat' dir='ltr'>pore</span> <span class='ocrx_word' id='word_1_185' title='bbox 294 2906 380 2970; x_wconf 89' lang='lat' dir='ltr'>nulla</span> <span class='ocrx_word' id='word_1_186' title='bbox 403 2922 525 2972; x_wconf 83' lang='lat' dir='ltr'>exstare</span> <span class='ocrx_word' id='word_1_187' title='bbox 542 2910 659 2992; x_wconf 86' lang='lat' dir='ltr'>scripta</span> <span class='ocrx_word' id='word_1_188' title='bbox 681 2910 815 2992; x_wconf 81' lang='lat' dir='ltr'>Critiae3</span> <span class='ocrx_word' id='word_1_189' title='bbox 836 2909 922 2994; x_wconf 87' lang='lat' dir='ltr'>quod</span> <span class='ocrx_word' id='word_1_190' title='bbox 942 2910 983 2974; x_wconf 87' lang='lat' dir='ltr'>ad</span> <span class='ocrx_word' id='word_1_191' title='bbox 1002 2908 1143 2972; x_wconf 84' lang='lat' dir='ltr'>oratoria</span> <span class='ocrx_word' id='word_1_192' title='bbox 1163 2921 1251 2971; x_wconf 88' lang='lat' dir='ltr'>certe</span> <span class='ocrx_word' id='word_1_193' title='bbox 1272 2900 1594 2990; x_wconf 72' lang='lat' dir='ltr'>raningendom&#39;est,</span> <span class='ocrx_word' id='word_1_194' title='bbox 1610 2930 1716 2996; x_wconf 82' lang='lat' dir='ltr'>quam·</span> 
     </span>
     <span class='ocr_line' id='line_1_22' title="bbox 189 3001 1717 3100; baseline 0.004 -29"><span class='ocrx_word' id='word_1_195' title='bbox 189 3030 283 3090; x_wconf 86' lang='lat' dir='ltr'>quam</span> <span class='ocrx_word' id='word_1_196' title='bbox 304 3013 435 3075; x_wconf 82' lang='lat' dir='ltr'>ethaeo</span> <span class='ocrx_word' id='word_1_197' title='bbox 455 3014 626 3095; x_wconf 87' lang='lat' dir='ltr'>Dionysius</span> <span class='ocrx_word' id='word_1_198' title='bbox 648 3013 933 3079; x_wconf 81' lang='lat' dir='ltr'>Halicarnassensis</span> <span class='ocrx_word' id='word_1_199' title='bbox 955 3015 1052 3100; x_wconf 80' lang='lat' dir='ltr'>legit,</span> <span class='ocrx_word' id='word_1_200' title='bbox 1084 3025 1125 3086; x_wconf 85' lang='lat' dir='ltr'>et,</span> <span class='ocrx_word' id='word_1_201' title='bbox 1156 3024 1192 3074; x_wconf 93' lang='lat' dir='ltr'>ut</span> <span class='ocrx_word' id='word_1_202' title='bbox 1217 3013 1355 3087; x_wconf 82' lang='lat' dir='ltr'>ridetur,</span> <span class='ocrx_word' id='word_1_203' title='bbox 1385 3001 1605 3078; x_wconf 83' lang='lat' dir='ltr'>Philostratus.</span> <span class='ocrx_word' id='word_1_204' title='bbox 1653 3013 1717 3077; x_wconf 86' lang='lat' dir='ltr'>Sed</span> 
     </span>
     <span class='ocr_line' id='line_1_23' title="bbox 189 3116 1716 3204; baseline 0.004 -31"><span class='ocrx_word' id='word_1_205' title='bbox 189 3116 346 3178; x_wconf 84' lang='lat' dir='ltr'>rationem</span> <span class='ocrx_word' id='word_1_206' title='bbox 368 3118 416 3180; x_wconf 88' lang='lat' dir='ltr'>rei</span> <span class='ocrx_word' id='word_1_207' title='bbox 438 3118 560 3183; x_wconf 74' lang='lat' dir='ltr'>baurim</span> <span class='ocrx_word' id='word_1_208' title='bbox 581 3140 621 3182; x_wconf 85' lang='lat' dir='ltr'>ex</span> <span class='ocrx_word' id='word_1_209' title='bbox 641 3119 727 3183; x_wconf 90' lang='lat' dir='ltr'>dicto</span> <span class='ocrx_word' id='word_1_210' title='bbox 755 3119 956 3200; x_wconf 88' lang='lat' dir='ltr'>Philostrati,</span> <span class='ocrx_word' id='word_1_211' title='bbox 991 3117 1148 3181; x_wconf 82' lang='lat' dir='ltr'>laudatum</span> <span class='ocrx_word' id='word_1_212' title='bbox 1174 3130 1239 3179; x_wconf 88' lang='lat' dir='ltr'>not.</span> <span class='ocrx_word' id='word_1_213' title='bbox 1262 3121 1313 3186; x_wconf 81' lang='lat'>65.</span> <span class='ocrx_word' id='word_1_214' title='bbox 1357 3117 1484 3180; x_wconf 87' lang='lat' dir='ltr'>Etenim</span> <span class='ocrx_word' id='word_1_215' title='bbox 1506 3139 1598 3202; x_wconf 87' lang='lat' dir='ltr'>quum</span> <span class='ocrx_word' id='word_1_216' title='bbox 1620 3121 1716 3204; x_wconf 78' lang='lat' dir='ltr'>vulgo</span> 
     </span>
     <span class='ocr_line' id='line_1_24' title="bbox 190 3199 1807 3308; baseline 0.002 -26"><span class='ocrx_word' id='word_1_217' title='bbox 190 3221 293 3282; x_wconf 85' lang='lat' dir='ltr'>minus</span> <span class='ocrx_word' id='word_1_218' title='bbox 314 3233 525 3286; x_wconf 66' lang='lat' dir='ltr'>accurentur</span> <span class='ocrx_word' id='word_1_219' title='bbox 546 3243 644 3308; x_wconf 86' lang='lat' dir='ltr'>opera</span> <span class='ocrx_word' id='word_1_220' title='bbox 665 3224 798 3298; x_wconf 88' lang='lat' dir='ltr'>Critiae,</span> <span class='ocrx_word' id='word_1_221' title='bbox 830 3223 1102 3308; x_wconf 83' lang='lat' dir='ltr'>grammaticorum</span> <span class='ocrx_word' id='word_1_222' title='bbox 1131 3233 1250 3284; x_wconf 83' lang='lat' dir='ltr'>tantum</span> <span class='ocrx_word' id='word_1_223' title='bbox 1278 3222 1311 3285; x_wconf 90' lang='lat' dir='ltr'>in</span> <span class='ocrx_word' id='word_1_224' title='bbox 1336 3220 1479 3286; x_wconf 84' lang='lat' dir='ltr'>manibus</span> <span class='ocrx_word' id='word_1_225' title='bbox 1507 3237 1715 3296; x_wconf 59' lang='lat' dir='ltr'>‘remanentne</span> <span class='ocrx_word' id='word_1_226' title='bbox 1801 3199 1807 3214; x_wconf 50' lang='lat'>⁸</span> 
     </span>
     <span class='ocr_line' id='line_1_25' title="bbox 190 3327 1503 3415; baseline -0.002 -27"><span class='ocrx_word' id='word_1_227' title='bbox 190 3330 364 3388; x_wconf 83' lang='lat' dir='ltr'>Romanum</span> <span class='ocrx_word' id='word_1_228' title='bbox 386 3327 529 3411; x_wconf 87' lang='lat' dir='ltr'>aliquem,</span> <span class='ocrx_word' id='word_1_229' title='bbox 551 3329 691 3415; x_wconf 82' lang='lat' dir='ltr'>quamvis</span> <span class='ocrx_word' id='word_1_230' title='bbox 712 3330 847 3403; x_wconf 87' lang='lat' dir='ltr'>doctum,</span> <span class='ocrx_word' id='word_1_231' title='bbox 870 3327 962 3392; x_wconf 76' lang='lat' dir='ltr'>facile</span> <span class='ocrx_word' id='word_1_232' title='bbox 983 3327 1191 3410; x_wconf 87' lang='lat' dir='ltr'>inquirentem</span> <span class='ocrx_word' id='word_1_233' title='bbox 1216 3327 1329 3388; x_wconf 83' lang='lat' dir='ltr'>fallere</span> <span class='ocrx_word' id='word_1_234' title='bbox 1349 3340 1503 3410; x_wconf 83' lang='lat' dir='ltr'>poterant.</span> 
     </span>
    </p>
   </div>
   <div class='ocr_carea' id='block_1_11' title="bbox 191 3454 1717 4378">
    <p class='ocr_par' dir='ltr' id='par_1_12' title="bbox 191 3454 1717 4062">
     <span class='ocr_line' id='line_1_26' title="bbox 276 3454 1717 3538; baseline -0.002 -20"><span class='ocrx_word' id='word_1_235' title='bbox 276 3454 333 3533; x_wconf 74' lang='grc'>64)</span> <span class='ocrx_word' id='word_1_236' title='bbox 357 3456 458 3516; x_wconf 85' lang='lat' dir='ltr'>Judie.</span> <span class='ocrx_word' id='word_1_237' title='bbox 478 3458 516 3515; x_wconf 86' lang='lat' dir='ltr'>de</span> <span class='ocrx_word' id='word_1_238' title='bbox 538 3457 642 3533; x_wconf 77' lang='lat' dir='ltr'>Isaeo,</span> <span class='ocrx_word' id='word_1_239' title='bbox 672 3478 721 3531; x_wconf 82' lang='lat' dir='ltr'>nc,</span> <span class='ocrx_word' id='word_1_240' title='bbox 742 3461 779 3518; x_wconf 90' lang='grc' dir='ltr'>Τ.</span> <span class='ocrx_word' id='word_1_241' title='bbox 802 3459 843 3534; x_wconf 88' lang='lat' dir='ltr'>V,</span> <span class='ocrx_word' id='word_1_242' title='bbox 867 3477 898 3538; x_wconf 86' lang='lat' dir='ltr'>p·</span> <span class='ocrx_word' id='word_1_243' title='bbox 921 3457 992 3522; x_wconf 75' lang='lat'>626.</span> <span class='ocrx_word' id='word_1_244' title='bbox 1024 3455 1072 3520; x_wconf 85' lang='lat' dir='ltr'>cf.</span> <span class='ocrx_word' id='word_1_245' title='bbox 1102 3454 1283 3516; x_wconf 85' lang='lat' dir='ltr'>Philostrat.</span> <span class='ocrx_word' id='word_1_246' title='bbox 1314 3455 1368 3515; x_wconf 81' lang='lat' dir='ltr'>cr&#39;t.</span> <span class='ocrx_word' id='word_1_247' title='bbox 1394 3454 1469 3516; x_wconf 84' lang='lat' dir='ltr'>Crit.</span> <span class='ocrx_word' id='word_1_248' title='bbox 1491 3455 1547 3518; x_wconf 89' lang='lat' dir='ltr'>ult.</span> <span class='ocrx_word' id='word_1_249' title='bbox 1570 3454 1717 3532; x_wconf 75' lang='lat' dir='ltr'>Epistola</span> 
     </span>
     <span class='ocr_line' id='line_1_27' title="bbox 191 3558 1716 3645; baseline 0 -25"><span class='ocrx_word' id='word_1_250' title='bbox 191 3560 235 3620; x_wconf 84' lang='lat' dir='ltr'>ad</span> <span class='ocrx_word' id='word_1_251' title='bbox 255 3560 315 3620; x_wconf 84' lang='lat' dir='ltr'>Jul.</span> <span class='ocrx_word' id='word_1_252' title='bbox 338 3566 476 3642; x_wconf 78' lang='lat' dir='ltr'>August.</span> <span class='ocrx_word' id='word_1_253' title='bbox 498 3581 568 3645; x_wconf 82' lang='lat' dir='ltr'>pag.</span> <span class='ocrx_word' id='word_1_254' title='bbox 592 3583 662 3645; x_wconf 77' lang='lat' dir='ltr'>oro.</span> <span class='ocrx_word' id='word_1_255' title='bbox 692 3567 743 3626; x_wconf 89' lang='lat' dir='ltr'>De</span> <span class='ocrx_word' id='word_1_256' title='bbox 762 3580 908 3624; x_wconf 83' lang='lat' dir='ltr'>sermone</span> <span class='ocrx_word' id='word_1_257' title='bbox 921 3559 1037 3624; x_wconf 85' lang='lat' dir='ltr'>Critiae</span> <span class='ocrx_word' id='word_1_258' title='bbox 1057 3559 1117 3623; x_wconf 86' lang='lat' dir='ltr'>rid.</span> <span class='ocrx_word' id='word_1_259' title='bbox 1142 3560 1228 3622; x_wconf 86' lang='lat' dir='ltr'>ethi</span> <span class='ocrx_word' id='word_1_260' title='bbox 1249 3559 1324 3637; x_wconf 89' lang='lat' dir='ltr'>loci,</span> <span class='ocrx_word' id='word_1_261' title='bbox 1346 3558 1716 3638; x_wconf 61' lang='lat' dir='ltr'>uniuersitatem.</span> 
     </span>
     <span class='ocr_line' id='line_1_28' title="bbox 191 3653 1717 3748; baseline -0.001 -22"><span class='ocrx_word' id='word_1_262' title='bbox 191 3663 231 3722; x_wconf 83' lang='lat' dir='ltr'>de</span> <span class='ocrx_word' id='word_1_263' title='bbox 257 3661 351 3724; x_wconf 74' lang='lat' dir='ltr'>Thac.</span> <span class='ocrx_word' id='word_1_264' title='bbox 374 3668 425 3728; x_wconf 69' lang='lat'>51.</span> <span class='ocrx_word' id='word_1_265' title='bbox 449 3653 539 3728; x_wconf 79' lang='lat' dir='ltr'>etde</span> <span class='ocrx_word' id='word_1_266' title='bbox 560 3668 677 3748; x_wconf 79' lang='lat' dir='ltr'>Lysia,</span> <span class='ocrx_word' id='word_1_267' title='bbox 701 3690 731 3743; x_wconf 78' lang='lat' dir='ltr'>e,</span> <span class='ocrx_word' id='word_1_268' title='bbox 752 3669 789 3728; x_wconf 85' lang='grc' dir='ltr'>Τ.</span> <span class='ocrx_word' id='word_1_269' title='bbox 804 3668 843 3741; x_wconf 91' lang='lat' dir='ltr'>V,</span> <span class='ocrx_word' id='word_1_270' title='bbox 865 3687 896 3748; x_wconf 85' lang='lat' dir='ltr'>p.</span> <span class='ocrx_word' id='word_1_271' title='bbox 920 3669 992 3740; x_wconf 72' lang='grc'>454.</span> <span class='ocrx_word' id='word_1_272' title='bbox 1022 3664 1140 3728; x_wconf 84' lang='lat' dir='ltr'>Critiae</span> <span class='ocrx_word' id='word_1_273' title='bbox 1160 3653 1275 3727; x_wconf 75' lang='lat' dir='ltr'>nomen</span> <span class='ocrx_word' id='word_1_274' title='bbox 1296 3664 1380 3747; x_wconf 86' lang='lat' dir='ltr'>apud</span> <span class='ocrx_word' id='word_1_275' title='bbox 1400 3664 1481 3726; x_wconf 87' lang='lat' dir='ltr'>elios</span> <span class='ocrx_word' id='word_1_276' title='bbox 1499 3664 1717 3748; x_wconf 79' lang='lat' dir='ltr'>grammaticos</span> 
     </span>
     <span class='ocr_line' id='line_1_29' title="bbox 191 3767 1717 3855; baseline 0.001 -27"><span class='ocrx_word' id='word_1_277' title='bbox 191 3781 226 3828; x_wconf 84' lang='lat' dir='ltr'>et</span> <span class='ocrx_word' id='word_1_278' title='bbox 246 3769 390 3832; x_wconf 79' lang='lat' dir='ltr'>rhetoras</span> <span class='ocrx_word' id='word_1_279' title='bbox 410 3772 526 3852; x_wconf 84' lang='lat' dir='ltr'>passim</span> <span class='ocrx_word' id='word_1_280' title='bbox 548 3773 705 3850; x_wconf 57' lang='lat' dir='ltr'>occurrite</span> <span class='ocrx_word' id='word_1_281' title='bbox 728 3769 784 3834; x_wconf 87' lang='lat' dir='ltr'>sed</span> <span class='ocrx_word' id='word_1_282' title='bbox 805 3791 902 3854; x_wconf 87' lang='lat' dir='ltr'>quum</span> <span class='ocrx_word' id='word_1_283' title='bbox 923 3785 975 3835; x_wconf 87' lang='lat' dir='ltr'>aut</span> <span class='ocrx_word' id='word_1_284' title='bbox 996 3771 1136 3855; x_wconf 78' lang='lat' dir='ltr'>singulae</span> <span class='ocrx_word' id='word_1_285' title='bbox 1169 3782 1287 3832; x_wconf 85' lang='lat' dir='ltr'>tantum</span> <span class='ocrx_word' id='word_1_286' title='bbox 1316 3787 1411 3832; x_wconf 81' lang='lat' dir='ltr'>voces</span> <span class='ocrx_word' id='word_1_287' title='bbox 1427 3789 1474 3850; x_wconf 85' lang='lat' dir='ltr'>ex</span> <span class='ocrx_word' id='word_1_288' title='bbox 1500 3769 1570 3846; x_wconf 84' lang='lat' dir='ltr'>eius</span> <span class='ocrx_word' id='word_1_289' title='bbox 1591 3767 1717 3852; x_wconf 86' lang='lat' dir='ltr'>scriptis</span> 
     </span>
     <span class='ocr_line' id='line_1_30' title="bbox 192 3872 1717 3960; baseline 0.001 -26"><span class='ocrx_word' id='word_1_290' title='bbox 192 3872 232 3934; x_wconf 85' lang='lat' dir='ltr'>ab</span> <span class='ocrx_word' id='word_1_291' title='bbox 253 3873 292 3935; x_wconf 89' lang='lat' dir='ltr'>iis</span> <span class='ocrx_word' id='word_1_292' title='bbox 314 3875 488 3953; x_wconf 83' lang='lat' dir='ltr'>laudentur,</span> <span class='ocrx_word' id='word_1_293' title='bbox 511 3889 564 3940; x_wconf 85' lang='lat' dir='ltr'>cut</span> <span class='ocrx_word' id='word_1_294' title='bbox 584 3897 664 3960; x_wconf 88' lang='lat' dir='ltr'>qnae</span> <span class='ocrx_word' id='word_1_295' title='bbox 684 3876 737 3938; x_wconf 90' lang='lat' dir='ltr'>hic</span> <span class='ocrx_word' id='word_1_296' title='bbox 759 3875 844 3938; x_wconf 87' lang='lat' dir='ltr'>allati</span> <span class='ocrx_word' id='word_1_297' title='bbox 866 3890 936 3938; x_wconf 90' lang='lat' dir='ltr'>sunt</span> <span class='ocrx_word' id='word_1_298' title='bbox 957 3878 1020 3940; x_wconf 85' lang='lat' dir='ltr'>loci</span> <span class='ocrx_word' id='word_1_299' title='bbox 1042 3876 1081 3942; x_wconf 88' lang='lat' dir='ltr'>ad</span> <span class='ocrx_word' id='word_1_300' title='bbox 1104 3873 1298 3957; x_wconf 81' lang='lat' dir='ltr'>judicandam</span> <span class='ocrx_word' id='word_1_301' title='bbox 1319 3874 1388 3956; x_wconf 83' lang='lat' dir='ltr'>ejus</span> <span class='ocrx_word' id='word_1_302' title='bbox 1409 3874 1595 3958; x_wconf 83' lang='lat' dir='ltr'>scripturam</span> <span class='ocrx_word' id='word_1_303' title='bbox 1609 3891 1717 3938; x_wconf 82' lang='lat' dir='ltr'>excer-</span> 
     </span>
     <span class='ocr_line' id='line_1_31' title="bbox 192 3978 1498 4062; baseline -0.002 -22"><span class='ocrx_word' id='word_1_304' title='bbox 192 3993 309 4060; x_wconf 85' lang='lat' dir='ltr'>pantur</span> <span class='ocrx_word' id='word_1_305' title='bbox 330 3990 449 4042; x_wconf 86' lang='lat' dir='ltr'>tanturn</span> <span class='ocrx_word' id='word_1_306' title='bbox 470 3994 523 4044; x_wconf 86' lang='lat' dir='ltr'>aut</span> <span class='ocrx_word' id='word_1_307' title='bbox 543 3980 770 4056; x_wconf 85' lang='lat' dir='ltr'>describantur,</span> <span class='ocrx_word' id='word_1_308' title='bbox 793 3998 873 4062; x_wconf 82' lang='lat' dir='ltr'>opus</span> <span class='ocrx_word' id='word_1_309' title='bbox 894 3999 961 4044; x_wconf 86' lang='lat' dir='ltr'>esse</span> <span class='ocrx_word' id='word_1_310' title='bbox 983 4001 1048 4044; x_wconf 90' lang='lat' dir='ltr'>non</span> <span class='ocrx_word' id='word_1_311' title='bbox 1072 3978 1162 4052; x_wconf 84' lang='lat' dir='ltr'>duxi,</span> <span class='ocrx_word' id='word_1_312' title='bbox 1189 3990 1223 4040; x_wconf 89' lang='lat' dir='ltr'>ut</span> <span class='ocrx_word' id='word_1_313' title='bbox 1244 3997 1301 4042; x_wconf 81' lang='lat' dir='ltr'>eos</span> <span class='ocrx_word' id='word_1_314' title='bbox 1321 3979 1498 4042; x_wconf 71' lang='lat' dir='ltr'>exoiurem.</span> 
     </span>
    </p>

    <p class='ocr_par' dir='ltr' id='par_1_13' title="bbox 279 4085 857 4169">
     <span class='ocr_line' id='line_1_32' title="bbox 279 4085 857 4169; baseline -0.007 -21"><span class='ocrx_word' id='word_1_315' title='bbox 279 4086 334 4163; x_wconf 77' lang='lat'>65)</span> <span class='ocrx_word' id='word_1_316' title='bbox 357 4087 423 4146; x_wconf 88' lang='lat' dir='ltr'>Vit.</span> <span class='ocrx_word' id='word_1_317' title='bbox 449 4085 523 4148; x_wconf 76' lang='lat' dir='ltr'>orte.</span> <span class='ocrx_word' id='word_1_318' title='bbox 547 4106 618 4169; x_wconf 85' lang='lat' dir='ltr'>cap.</span> <span class='ocrx_word' id='word_1_319' title='bbox 641 4091 670 4154; x_wconf 79' lang='grc'>3.</span> <span class='ocrx_word' id='word_1_320' title='bbox 693 4106 764 4169; x_wconf 77' lang='lat' dir='ltr'>pag·</span> <span class='ocrx_word' id='word_1_321' title='bbox 786 4089 857 4149; x_wconf 73' lang='lat'>502.</span> 
     </span>
    </p>

    <p class='ocr_par' dir='ltr' id='par_1_14' title="bbox 280 4189 560 4274">
     <span class='ocr_line' id='line_1_33' title="bbox 280 4189 560 4274; baseline -0.032 -5"><span class='ocrx_word' id='word_1_322' title='bbox 280 4189 336 4272; x_wconf 75' lang='lat'>⁶⁶)</span> <span class='ocrx_word' id='word_1_323' title='bbox 358 4193 434 4274; x_wconf 67' lang='lat'>1²³3·</span> <span class='ocrx_word' id='word_1_324' title='bbox 458 4195 529 4264; x_wconf 73' lang='lat'>480.</span> <span class='ocrx_word' id='word_1_325' title='bbox 556 4201 560 4207; x_wconf 83' lang='grc'><em>“</em></span> 
     </span>
    </p>

    <p class='ocr_par' dir='ltr' id='par_1_15' title="bbox 209 4292 1715 4378">
     <span class='ocr_line' id='line_1_34' title="bbox 209 4292 1715 4378; baseline -0.005 -20"><span class='ocrx_word' id='word_1_326' title='bbox 209 4329 213 4336; x_wconf 89' lang='grc'><em>·</em></span> <span class='ocrx_word' id='word_1_327' title='bbox 280 4297 335 4372; x_wconf 77' lang='grc'>67)</span> <span class='ocrx_word' id='word_1_328' title='bbox 358 4296 428 4360; x_wconf 87' lang='lat' dir='ltr'>Vid.</span> <span class='ocrx_word' id='word_1_329' title='bbox 453 4315 546 4378; x_wconf 85' lang='lat' dir='ltr'>supra</span> <span class='ocrx_word' id='word_1_330' title='bbox 567 4311 632 4360; x_wconf 87' lang='lat' dir='ltr'>not.</span> <span class='ocrx_word' id='word_1_331' title='bbox 658 4321 683 4361; x_wconf 88' lang='lat' dir='ltr'>r.</span> <span class='ocrx_word' id='word_1_332' title='bbox 706 4293 920 4357; x_wconf 84' lang='lat' dir='ltr'>Philostratus</span> <span class='ocrx_word' id='word_1_333' title='bbox 939 4292 1023 4368; x_wconf 89' lang='lat' dir='ltr'>dicit,</span> <span class='ocrx_word' id='word_1_334' title='bbox 1046 4313 1176 4375; x_wconf 80' lang='lat' dir='ltr'>quorum</span> <span class='ocrx_word' id='word_1_335' title='bbox 1197 4293 1280 4354; x_wconf 81' lang='lat' dir='ltr'>uitas</span> <span class='ocrx_word' id='word_1_336' title='bbox 1302 4294 1502 4356; x_wconf 65' lang='lat' dir='ltr'>moecaveris</span> <span class='ocrx_word' id='word_1_337' title='bbox 1516 4293 1642 4368; x_wconf 55' lang='lat' dir='ltr'>Critiae</span> <span class='ocrx_word' id='word_1_338' title='bbox 1661 4312 1715 4352; x_wconf 83' lang='lat' dir='ltr'>eos</span> 
     </span>
    </p>
   </div>
   <div class='ocr_carea' id='block_1_12' title="bbox 0 0 2078 5908">
    <p class='ocr_par' dir='ltr' id='par_1_16' title="bbox 0 0 2078 5908">
     <span class='ocr_line' id='line_1_35' title="bbox 0 0 2078 5908; baseline 0 0"><span class='ocrx_word' id='word_1_339' title='bbox 0 0 2078 5908; x_wconf 95' lang='lat' dir='ltr'> </span> 
     </span>
    </p>
   </div>
  </div>
 </body>
</html>
