4128 5918
1013 333 1016 342 ’

393 529 591 586 recusasse
625 511 813 588 Platonem
852 521 889 586 et
935 509 1088 608 triginta
1119 523 1365 606 tyrannorum
1406 507 1595 584 saevitiam
1627 512 1789 610 ingenue
1825 527 1869 586 tl

391 650 544 726 parasse
562 623 606 702 ¹³.
1563 659 1564 662 ¹

489 747 550 822 IV.
590 746 720 822 Aede
753 747 886 848 positis
920 772 944 822 a
976 747 1100 820 Crisia·
1122 746 1161 820 in
1184 746 1397 845 pilosopbia
1429 748 1560 839 studiis
1599 773 1715 847 quum
1745 773 1869 849 opust

395 877 502 940 tenor
524 867 643 940 nostri
670 869 904 944 occasionem
927 866 1112 958 intulerit,
1138 868 1260 944 statim
1275 865 1484 940 addendum
1509 869 1675 960 videtur,
1696 870 1773 942 duo
1796 872 1843 944 so}
1867 893 1869 942 :

393 983 442 1058 sb
470 985 633 1083 antiquis
661 985 923 1078 scriptoribus,
948 1010 1064 1084 quuru
1081 985 1334 1084 philosophici
1358 985 1444 1058 libri
1471 987 1589 1082 ipsius
1616 975 1869 1076 interierint,

394 1101 474 1196 ejus
496 1103 536 1176 in
563 1127 616 1207 ea
637 1126 679 1178 re
707 1105 925 1178 sententiam
949 1104 1189 1202 pertinentia,
1233 1125 1277 1176 ea
1302 1115 1424 1176 tarnen
1448 1123 1629 1201 perquem
1654 1105 1769 1179 animi
1793 1104 1869 1178 adt

392 1219 496 1294 sione
521 1222 635 1320 digna
659 1223 793 1298 tradita
817 1245 918 1312 esse,
958 1223 1114 1296 alterum
1136 1220 1296 1294 animam
1320 1245 1368 1313 ex
1394 1222 1530 1295 Critiae
1553 1223 1693 1316 judicio
1728 1247 1810 1301 esse
1837 1249 1846 1298 s
1867 1249 1869 1294 ι

391 1339 561 1432 guinem,
592 1339 696 1439 quod
722 1341 905 1415 sentiendi
928 1343 1087 1414 maxirne
1105 1353 1270 1440 potestas
1288 1339 1431 1426 animae
1445 1341 1599 1438 propria
1616 1343 1664 1415 sit
1683 1357 1734 1433 ¹9,
1761 1343 1847 1416 alter
1867 1371 1869 1416 ε

391 1457 515 1531 autem
541 1459 629 1534 deos
651 1482 738 1535 'esse
764 1485 922 1558 negasse
949 1461 1099 1534 Glitiam
1114 1472 1184 1530 ⁸⁰.-
1217 1458 1330 1550 Vide,
1367 1473 1547 1556 quantum
1571 1461 1708 1534 lumen¹
1723 1462 1794 1535 hae
1819 1463 1869 1536 dti

391 1599 453 1651 res
486 1579 555 1651 toti
595 1579 756 1654 hominis
795 1591 833 1652 et
868 1579 1056 1678 cogitandi
1098 1591 1136 1671 et
1170 1577 1316 1652 vivendi
1354 1577 1510 1653 oonsilio
1546 1579 1761 1654 infundant!
1800 1583 1869 1656 ·V1'3

314 1703 320 1714 “
391 1717 506 1792 quam
533 1695 667 1770 frivola
689 1697 736 1770 de
761 1699 981 1774 mortalibus
1006 1687 1119 1772 rebus
1156 1697 1323 1785 cunctis,
1363 1697 1410 1771 de
1441 1699 1592 1772 fortuna
1622 1699 1831 1789 civitatum,

390 1812 468 1885 vita
499 1813 693 1888 hominum
730 1829 767 1890 et
796 1817 969 1893 felicitate
999 1827 1162 1894 statuere
1196 1817 1230 1890 is
1268 1815 1457 1906 debuerit,
1500 1816 1566 1912 qui
1596 1817 1707 1912 pigro
1740 1839 1869 1889 venas:

390 1931 554 2028 impulsu
586 1935 732 2009 excelsa
757 1949 795 2010 et
828 1937 1054 2033 praestantia
1090 1933 1214 2008 omnia
1250 1935 1471 2024 consistere,
1510 1956 1608 2030 quae
1647 1933 1869 2030 benignissi

390 2051 462 2122 Dei
492 2051 725 2148 providentia
762 2057 926 2130 tribuere
966 2055 1075 2128 nobis
1117 2053 1269 2148 dignata
1300 2064 1375 2142 est,
1419 2051 1565 2151 opinari
1606 2050 1788 2146 potuerit!
1835 2055 1869 2127 l'

391 2169 528 2244 mirum
564 2170 615 2244 in·
639 2184 715 2245 tam
757 2195 884 2248 crassa
915 2173 1023 2272 quasi
1054 2170 1290 2246 veneratione
1315 2165 1447 2247 ¹inertis
1479 2170 1653 2256 materiae
1686 2169 1837 2244 Critiam

478 2386 825 2461 18)VideHeindorl.
848 2386 888 2451 ad
909 2387 1039 2451 Platon.
1065 2383 1216 2450 Charmid.
1239 2405 1309 2470 pag.
1332 2387 1384 2452 58.

477 2488 531 2572 19)
552 2491 625 2560 Vid.
646 2493 789 2557 Platonis
810 2493 958 2573 Epistola
978 2495 1049 2572 vll,
1076 2510 1150 2574 pag.
1174 2493 1246 2564 dui.
1263 2508 1328 2572 seq.
1350 2491 1437 2550 Part.
1453 2490 1507 2562 111,
1529 2487 1603 2554 Vol.
1619 2489 1648 2563 3,
1671 2507 1743 2582 pag.
1765 2492 1836 2564 428.
1850 2512 1869 2552 st

390 2593 441 2654 ed.
463 2593 608 2662 Bellseri.
1342 2655 1345 2662 ,

475 2699 532 2779 no)
552 2699 625 2767 Vid
647 2699 811 2762 Aristotel.
833 2699 871 2759 de
892 2695 1053 2770 Animal,
1086 2715 1114 2756 u.
1140 2691 1196 2777 qui
1218 2692 1297 2755 baec
1324 2691 1413 2756 dicit:
1446 2696 1545 2774 ἕτεροι
1569 2689 1600 2755 d'
1621 2690 1698 2775 αἷμα
1718 2691 1794 2779 (τὴν
1812 2714 1869 2782 aput

390 2799 471 2868 sirus
489 2799 667 2886 λέγουσιν),
690 2797 834 2887 καθάπερ
853 2805 994 2884 Κριέίας,
1015 2793 1051 2865 ci
1076 2795 1291 2863 αἰσθάνεσθαι
1310 2798 1368 2882 τῆς
1397 2799 1497 2882 ψυχῆς
1526 2792 1715 2864 οἰκειότατον
1731 2797 1869 2886 inci-opp

390 2929 505 2984 ronco.
525 2906 576 2970 ad
595 2927 690 2992 quem
710 2908 816 2970 locum
844 2923 923 2988 quse
951 2901 1131 2987 Simplicius
1163 2916 1196 2966 et
1221 2900 1418 2985 Philoponus
1450 2900 1571 2979 dicant,
1606 2922 1703 2986 supra
1729 2903 1869 2966 dictum,

394 3012 482 3093 (not.
509 3015 577 3088 r.);
597 3011 632 3072 in
652 3009 834 3094 Philopono
855 3007 972 3073 alicubi
992 3019 1115 3071 exstare
1136 2993 1261 3071 versum
1281 3004 1400 3069 Critiae
1846 3031 1852 3039 ·

538 3112 616 3198 αἷμα
634 3109 693 3199 γάῤ
715 3110 895 3200 ἀνθρώποις
914 3107 1106 3197 naptadodstir
1125 3113 1193 3178 icas
1212 3107 1322 3196 νόημα,
1419 3199 1422 3206 Ι

391 3243 431 3286 ex
450 3217 589 3285 Fabricii
609 3214 747 3280 biblioth.
767 3239 819 3300 gr.
842 3216 955 3296 didici3
985 3215 1060 3280 libri
1087 3216 1361 3298 grammaticorum
1385 3213 1513 3280 illorum
1540 3214 1575 3278 io
1600 3228 1727 3280 nostrae
1751 3218 1869 3282 Urbis]

389 3325 549 3390 bliotheoa
568 3341 634 3386 non
651 3321 868 3400 inveniuntur,
900 3337 1005 3404 neque
1031 3318 1066 3382 iu
1087 3316 1365 3406 Heidelbergensi,
1391 3318 1480 3397 cuius
1500 3319 1550 3383 rei
1568 3321 1736 3385 certiorem
1765 3321 1869 3384 faciti

391 3429 454 3505 Vir
479 3425 631 3502 illustris,
672 3424 752 3488 mihi
782 3424 1069 3508 conjunctissimus,
1097 3419 1280 3486 Fridericus
1304 3424 1493 3487 Creuzerus.
1532 3425 1681 3488 Ceterum
1709 3442 1820 3489 versus
1855 3427 1869 3487 i

393 3528 762 3608 omnemdubitstionem
781 3528 874 3606 tollit,
896 3551 937 3592 sn
957 3525 997 3591 de
1017 3524 1081 3591 alio
1101 3537 1230 3593 auctore
1248 3527 1335 3590 illius
1362 3510 1544 3604 sententiae,
1566 3548 1661 3612 quom
1681 3528 1721 3590 de
1748 3529 1869 3592 Critiat

394 3657 503 3710 ranno,
525 3617 784 3720 cogitari-possit.
824 3631 1003 3698 Aristotelis
1025 3632 1131 3694 locum
1158 3631 1315 3716 excerpsit
1344 3631 1492 3711 Hermiss
1521 3615 1668 3696 Insectat.
1692 3629 1869 3714 philosoplis

393 3739 541 3803 orbabor.
563 3760 636 3823 pag.
659 3741 728 3819 175.
751 3735 915 3812 (Libellus
935 3748 983 3800 ost
1003 3733 1042 3798 ad
1062 3737 1181 3800 osloem
1201 3733 1312 3800 lmtini
1332 3737 1476 3818 martyris
1495 3736 1544 3801 ed.
1565 3737 1699 3811 Parin).

478 3845 537 3924 ut)
557 3841 630 3912 Vid.
650 3841 806 3906 Plutarch.
837 3841 875 3900 ds
906 3840 1141 3920 Superstitiosus,
1169 3858 1242 3922 pag.
1270 3849 1337 3920 17'1·
1364 3841 1450 3902 Sext.
1470 3841 1592 3923 Empir.
1622 3837 1786 3920 Pyrrhon.
1806 3835 1869 3920 hyp

392 3966 501 4030 typos.
524 3950 578 4024 ΙΙΙ,
599 3956 648 4028 si,
665 3951 735 4013 218.
754 3947 828 4008 adu.
851 3943 955 4026 Phys.
977 3945 1030 4019 tx,
1046 3947 1103 4017 st.
1135 3943 1182 4006 St.
1205 3941 1373 4024 Theophil.
1400 3944 1444 4004 cd
1468 3944 1658 4022 Autolycum
1684 3941 1739 4006 lib.
1760 3945 1815 4018 ΙΙΙ,
1836 3965 1869 4026 pa

396 4077 465 4130 rus,
486 4066 559 4137 post
578 4054 696 4116 calcem
714 4049 823 4139 lustioi
844 4047 999 4130 martyris.
1033 4045 1099 4142 Qui
1120 4045 1153 4110 iu
1173 4044 1310 4110 wcundo
1330 4047 1419 4110 Sexti
1445 4047 1515 4109 loco
1547 4044 1713 4108 laudantur
1736 4067 1755 4108 e
1776 4045 1869 4131 Sisyp}

393 4158 555 4244 tragoedia
573 4174 692 4234 remus,
713 4156 778 4223 sire
798 4153 917 4222 Critiae
938 4151 999 4216 siut
1019 4153 1086 4218 sire
1106 4148 1278 4234 Euripidis,
1305 4166 1394 4217 recte
1411 4148 1591 4220 observavit
1610 4149 1787 4224 Bumesius,
1809 4147 1869 4217 olda
